1560 2506
353 79 521 114 RERVM
543 78 849 113 RVSTICARVM
873 79 959 113 LIB.
980 79 995 112 I
1021 82 1160 114 64—69
1379 81 1434 122 65

87 178 187 218 bum
231 179 342 217 enim
386 189 636 229 suspensum
678 176 833 215 lentius
878 178 957 228 est,
1005 177 1118 230 quod
1160 179 1276 230 prius
1323 177 1436 234 domi

86 238 370 277 maturitatem
395 235 566 288 adsequi
590 235 694 287 vult,
726 248 852 288 quam
876 238 1023 288 nequit
1048 238 1094 275 in
1120 236 1276 289 arbore,
1310 251 1436 290 quam

85 297 285 336 mitescat.

200 353 386 394 Messum
434 352 499 392 far
546 352 824 405 promendum
873 352 1008 393 hieme
1057 356 1103 394 in
1133 356 1314 407 pistrino
1349 355 1399 394 ad
1413 364 1522 398 LXIX

48 413 344 465 5torrendum,
394 411 508 465 quod
557 411 608 451 ad
658 411 841 451 cibatum
892 413 1132 465 expeditum
1175 428 1263 453 esse
1312 415 1434 467 velis3

82 472 194 526 quod
226 471 277 512 ad
309 473 532 522 sationem,
573 473 665 510 tum
695 471 989 524 promendum,
1032 486 1126 512 611111
1159 474 1318 526 segetes
1350 488 1435 513 ma-

81 534 198 572 turae
242 533 341 571 sunt
384 529 437 570 ad
479 529 780 583 accipiendum.
849 533 951 571 item
990 545 1094 584 quae
1131 534 1345 584 pertinent
1383 532 1435 573 ad

81 593 303 642 sationem,
349 603 424 630 suo
466 602 632 642 quoque
673 591 860 642 tempore
898 590 1138 642 promenda.
1201 604 1306 644 quae
1338 606 1434 632 ven-

81 649 215 690 denda
243 648 482 700 videndum,
515 662 619 701 quae
651 662 817 702 quoque
846 651 1033 702 tempore
1060 652 1253 702 oporteat
1277 653 1433 703 promi:

29 721 62 746 ιο
80 710 162 749 alia
194 711 316 761 enim,
349 722 454 761 quae
479 721 646 747 manere
670 722 758 748 non
782 710 972 761 possunt,
1006 711 1230 762 antequam
1257 724 1298 749 se
1325 724 1433 750 com-

78 770 259 821 mutent,
291 769 340 808 ut
371 767 560 807 celeriter
590 781 758 820 promas
792 782 838 807 ac
869 768 1041 821 vendas3
1074 769 1172 820 alia,
1215 782 1320 821 quae
1353 784 1433 810 ser-

78 830 167 868 vari
198 828 394 881 possunt,
427 828 476 866 ut
512 828 604 866 tum
641 826 812 878 vendas,
853 841 947 867 cum
986 830 1135 867 caritas
1176 830 1248 868 est.
1312 843 1433 882 saepe

79 889 191 927 enim
229 886 387 926 diutius
427 887 590 925 servata
625 900 713 925 non
752 885 877 926 modo
910 901 1081 926 usuram
1114 886 1316 940 adiciunt,
1362 888 1433 929 sed

79 948 205 986 etiam
235 945 420 986 fructum
453 944 682 998 duplicant,
715 947 750 984 si
782 947 969 998 tempore
1001 960 1181 999 promas.

26 1014 58 1040 15
197 1003 304 1046 Cum
335 1004 435 1044 haec
467 1003 636 1056 diceret,
677 1006 793 1044 venit
830 1004 1004 1044 libertus
1039 1005 1238 1045 aeditumi
1272 1005 1322 1046 ad
1353 1006 1471 1047 nos?

77 1063 179 1105 flens
219 1066 259 1104 et
296 1066 419 1117 rogat
459 1065 506 1103 ut
537 1066 823 1116 ignoscamus,
869 1063 982 1116 quod
1015 1067 1144 1104 simus
1177 1067 1346 1118 retenti,
1392 1068 1432 1106 et

77 1125 123 1163 ut
162 1126 199 1164 ei
236 1126 281 1164 in
321 1123 448 1163 funus
480 1122 683 1176 postridie
714 1122 976 1175 prodeamus.
1039 1138 1182 1164 omnes
1216 1128 1432 1179 consurgi-

76 1197 168 1223 mus
214 1197 260 1223 ac
304 1183 431 1222 simul
474 1182 770 1234 exclamamus,
823 1181 967 1235 ‘quidP
1017 1185 1062 1223 in
1112 1183 1268 1224 funus?
1319 1184 1432 1237 quod

76 1242 233 1282 funus?
278 1241 379 1295 quid
417 1244 480 1281 est
516 1241 717 1282 factum?
763 1242 834 1281 ille
872 1241 975 1282 flens
1012 1245 1156 1282 narrat
1197 1242 1247 1283 ab
1289 1246 1430 1284 nescio

23 1310 58 1335 2⁰
77 1315 159 1355 quo
209 1315 454 1354 percussum
504 1301 675 1341 cultello
727 1300 973 1353 concidisse,
1028 1315 1151 1354 quem
1201 1305 1273 1355 qui
1323 1305 1432 1343 esset

76 1360 402 1400 animadvertere
433 1363 480 1400 in
511 1359 636 1399 turba
665 1374 753 1400 non
783 1362 983 1413 potuisse,
1017 1361 1088 1400 sed
1113 1363 1278 1401 tantum
1304 1362 1429 1403 modo

75 1419 292 1460 exaudisse
329 1433 489 1471 vocem,
533 1433 751 1472 perperam
788 1419 945 1460 fecisse.
1019 1423 1108 1473 ipse
1153 1435 1247 1460 eum
1290 1420 1469 1474 patro-3

74 1493 178 1519 num
210 1478 381 1519 domum
414 1479 654 1519 sustulisset
687 1481 727 1518 et
758 1493 910 1532 pueros
945 1478 1188 1532 dimisisset,
1224 1482 1272 1519 ut
1302 1480 1429 1521 medi-

76 1552 171 1578 cum
214 1539 473 1591 requirerent
523 1552 569 1578 ac
612 1540 774 1577 mature
813 1538 1080 1590 adducerent,
1133 1539 1244 1592 quod
1284 1542 1427 1592 potius

23 1603 55 1629 25
74 1598 174 1638 illut
206 1597 550 1649 administrasset,
583 1611 709 1650 quam
742 1596 792 1636 ad
823 1612 900 1637 nos
934 1600 1127 1650 venisset,
1166 1612 1309 1639 aecum
1341 1614 1430 1639 esse

75 1656 156 1697 sibi
192 1658 369 1710 ignosci.
429 1671 505 1697 nee
545 1659 580 1696 si
618 1670 712 1696 eum
745 1671 906 1698 servare
937 1671 1024 1697 non
1055 1660 1279 1710 potuisset,
1325 1661 1429 1712 quin

73 1730 162 1756 non
191 1717 326 1756 multo
358 1718 456 1768 post
488 1718 671 1756 animam
702 1715 873 1768 efflaret,
904 1718 1045 1756 tamen
1075 1716 1277 1770 putare[t]
1305 1732 1347 1758 se
1373 1718 1429 1758 fe-

75 1777 179 1815 cisse
210 1777 320 1815 recte
352 1774 433 1828 [L].
494 1789 582 1815 non
618 1774 793 1815 moleste
834 1775 1012 1815 ferentes
1051 1775 1338 1817 descendimus
1379 1777 1428 1818 de

76 1834 173 1874 aede
218 1836 258 1874 et
302 1833 351 1874 de
393 1849 490 1874 casu
533 1834 718 1875 humano
757 1837 891 1888 magis
926 1837 1163 1888 querentes,
1202 1849 1327 1888 quam
1360 1836 1428 1877 ad-

22 1898 56 1923 30
74 1895 273 1934 mirantes
306 1893 349 1933 id
380 1892 538 1934 Romae
569 1893 738 1946 factum,
772 1894 1021 1934 discedimus
1055 1908 1211 1935 omnes.

191 2028 229 2054 10
255 2032 348 2064 quae
374 2032 447 2056 mv.
499 2031 571 2064 quo
597 2023 608 2065 ῃ
634 2028 671 2054 22
696 2021 825 2055 fecisse
851 2033 882 2055 v.
932 2021 1018 2055 fecit
1043 2032 1080 2055 se
1100 2023 1167 2065 [127
1195 2021 1261 2055 del.
1288 2022 1424 2056 Iucun-

76 2068 172 2111 dus„
192 2075 231 2102 30
256 2068 428 2102 Varronis
460 2079 582 2102 rerum
613 2069 831 2102 rusticarum
865 2069 909 2102 de
935 2069 1014 2112 agri
1040 2069 1183 2103 cultura
1207 2068 1300 2102 liber
1325 2069 1340 2102 I
1366 2080 1424 2102 ex-

74 2115 188 2170 plicit:
228 2115 349 2207 ΙΜῆῑῖἶί
374 2116 506 2149 terenti
532 2117 697 2150 uarronis
723 2127 845 2150 rerum
869 2117 1087 2150 rusticarum
1121 2117 1164 2150 de
1190 2127 1228 2150 re
1253 2116 1426 2160 pecuaria

76 2164 204 2206 incipit
245 2190 252 2197 .

149 2381 259 2407 VARRO
280 2387 347 2406 Rmz.
368 2388 455 2407 uvs'r.
474 2389 571 2408 ED.1L
1190 2379 1210 2408 5
