1555 2527
67 52 124 95 60
618 53 858 89 VARRONJS

0 161 55 195 LV
183 150 246 192 De
288 153 442 193 oliveto
486 153 637 205 oleam,
682 166 807 206 quam
848 167 974 193 manu
1016 155 1187 206 tangere
1222 155 1359 206 possis
1398 167 1419 193 e

67 213 177 252 terra
221 226 265 251 ac
312 212 451 264 scalis,
496 213 632 265 legere
677 214 843 265 oportet
884 214 1026 265 potius
1072 226 1197 265 quam
1238 214 1419 266 quatere,

67 270 179 324 quod
230 285 276 312 ea
326 285 431 325 quae
483 272 699 324 vapulavit
755 274 950 312 inacescit
1006 286 1079 312 nec
1132 272 1201 312 dat
1254 273 1420 312 tantum

68 331 160 371 olei.
224 345 328 384 quae
359 345 486 371 manu
521 333 681 383 stricta,
723 332 871 371 melior
903 346 949 371 ea
981 345 1086 384 quae
1118 331 1262 385 digitis
1295 330 1420 372 nudis

67 389 336 443 [laudabilior
368 389 436 443 L]‚
479 404 602 443 quam
635 391 710 430 illa
741 404 847 444 quae
880 405 974 431 cum
1006 390 1269 444 digitabulis,
1312 390 1421 430 duri·
1459 406 1474 432 5

25 450 144 490 2ties
178 452 289 490 enim
322 464 466 489 eorum
499 449 611 502 quod
642 464 729 490 non
763 450 899 490 solum
933 452 1105 503 stringit
1142 450 1305 502 bacam,
1350 449 1421 490 sed

68 511 193 549 etiam
226 523 362 549 ramos
396 508 536 562 glubit
569 524 614 549 ac
646 509 848 562 relinquit
881 509 930 549 ad
963 509 1204 563 gelicidium
1231 511 1421 550 retectos.

67 582 171 621 quae
210 583 337 608 manu
376 570 495 621 tangi
533 582 621 608 non
659 571 876 621 poterunt,
921 571 981 608 ita
1013 571 1129 621 quati
1162 568 1330 622 debent,
1374 570 1422 608 ut

66 627 299 668 harundine
331 629 473 680 potius
508 641 632 680 quam
665 630 822 681 pertica
854 628 1074 668 feriantur:
1110 631 1278 682 gravior
1311 630 1422 668 enim

66 688 193 740 plaga
242 687 449 727 medicum
500 689 673 740 quaerit.
754 689 826 740 qui
877 689 1053 740 quatiet,
1103 702 1155 728 ne
1206 687 1421 728 adversam
1441 703 1476 729 ιο

26 746 220 787 3caedat.
296 760 416 799 saepe
462 749 572 786 enim
616 748 676 786 ita
720 761 916 799 percussa
960 747 1051 787 olea
1101 761 1241 787 secum
1291 746 1422 787 defert

68 805 116 846 de
148 806 310 846 ramulo
343 806 544 858 plantam,
578 819 660 859 quo
688 806 798 846 facto
825 806 1010 846 fructum
1037 808 1238 847 amittunt
1262 808 1422 860 posteri

68 868 178 906 anni.
240 879 315 905 nec
356 865 457 905 haec
497 879 584 906 non
625 867 800 905 minima
839 880 979 918 causa,
1024 865 1137 919 quod
1175 866 1330 906 oliveta
1364 865 1422 906 di-

68 927 164 965 cant
211 925 382 964 alternis
432 927 551 965 annis
593 939 681 965 non
723 925 828 965 ferre
870 925 1032 965 fructus
1071 927 1144 965 aut
1173 939 1262 966 non
1293 939 1423 979 aeque

25 984 254 1038 4magnOS.
301 985 392 1024 olea
417 986 464 1024 ut
490 999 570 1024 uva
596 998 670 1037 per
694 984 804 1024 idem
830 983 1045 1038 bifflvium
1070 984 1178 1025 redit
1200 987 1246 1025 in
1265 985 1421 1038 villam,
1442 1001 1475 1027 15

67 1045 149 1084 alia
193 1043 243 1083 ad
288 1043 428 1083 cibum
473 1042 516 1096 [l.
555 1043 736 1097 edatur],
782 1044 863 1084 alia
901 1046 948 1084 ut
987 1044 1213 1097 eliquescat
1251 1058 1298 1085 ac
1334 1058 1423 1085 non

68 1104 205 1144 solum
238 1117 387 1156 corpus
420 1105 535 1143 intus
569 1106 733 1157 unguat
766 1103 836 1143 sed
868 1106 993 1143 etiam
1026 1106 1295 1144 extrinsecus.
1344 1106 1421 1144 ita-

68 1177 147 1216 que
180 1162 398 1203 dominum
431 1164 471 1202 et
497 1161 598 1214 (in)
626 1162 794 1203 balneas
828 1164 868 1203 et
899 1165 1187 1217 gyminasium
1219 1165 1420 1216 sequitur.

27 1222 183 1275 5haec,
229 1222 277 1262 de
317 1236 398 1275 qua
435 1222 484 1262 fit
522 1223 678 1274 oleum,
724 1224 894 1276 congeri
928 1223 1035 1263 solet
1067 1225 1291 1263 acervatim
1321 1221 1422 1277 (in)

68 1282 153 1322 dies
194 1282 384 1336 singulos
423 1284 468 1321 in
506 1281 711 1334 tabulata,
756 1284 804 1322 ut
835 1281 894 1322 ibi
926 1282 1191 1323 mediocriter
1222 1282 1423 1323 fracescat
1442 1297 1476 1324 20

69 1357 114 1382 ac
158 1344 319 1395 primus
366 1343 542 1395 quisque
588 1355 754 1382 acervos
801 1341 1045 1382 demittatur
1089 1356 1162 1395 per
1207 1344 1333 1382 serias
1377 1356 1422 1382 ac

68 1416 167 1441 vasa
211 1401 366 1441 olearia
407 1400 458 1440 ad
499 1403 702 1454 trapetas,
747 1414 851 1454 quae
893 1415 956 1441 res
995 1402 1131 1442 molae
1163 1401 1342 1442 oleariae
1374 1415 1422 1441 ex

28 1460 173 1501 Gduro
218 1462 258 1500 et
296 1474 442 1514 aspero
481 1460 631 1514 lapide.
695 1461 785 1501 olea
823 1461 930 1501 lecta
962 1463 997 1501 si
1027 1463 1207 1501 nimium
1239 1460 1310 1501 diu
1341 1460 1424 1501 fuit

67 1523 113 1560 in
157 1522 333 1573 acervis,
385 1519 549 1560 caldore
593 1520 785 1560 fracescit
836 1522 876 1560 et
926 1521 1064 1560 oleum
1114 1520 1319 1561 foetidum
1361 1519 1421 1561 fit.

68 1582 209 1633 itaque
243 1582 277 1619 si
308 1593 489 1632 nequeas
523 1581 685 1620 mature
719 1579 930 1633 conficere,
961 1582 1008 1620 in
1040 1582 1195 1620 acervis
1227 1579 1421 1620 iactando
1442 1596 1475 1622 25

29 1639 269 1679 Tventilare
303 1641 480 1692 oportet.
544 1654 592 1679 ex
625 1640 716 1680 olea
741 1639 901 1680 fructus
930 1639 1095 1692 duplex,
1128 1640 1277 1692 oleum,
1311 1638 1424 1692 quod

69 1698 264 1739 omnibus
314 1701 481 1751 notum,
533 1701 572 1739 et
622 1713 806 1751 amurca,
864 1701 980 1739 cuius
1031 1699 1261 1739 utilitatem
1311 1698 1423 1752 quod

67 1760 268 1812 ignorant
299 1759 499 1811 plerique,
532 1759 630 1798 licet
662 1758 800 1799 videre
833 1772 853 1798 e
888 1759 1062 1799 torculis
1096 1759 1261 1799 oleariis
1295 1757 1423 1798 fluere

68 1820 113 1858 in
157 1831 279 1871 agros
321 1832 365 1857 ac
403 1832 490 1858 non
531 1818 668 1858 solum
707 1817 926 1871 denigrare
963 1819 1134 1870 terram,
1180 1817 1251 1858 sed
1281 1818 1422 1858 multi-

68 1876 214 1917 tudine
251 1877 384 1917 facere
424 1878 625 1930 steri'lem3
671 1891 765 1918 cum
802 1880 837 1917 is
870 1891 992 1917 umor
1022 1877 1211 1918 modicus
1245 1891 1339 1917 cum
1371 1876 1423 1917 ad
1442 1893 1477 1919 30

68 1937 222 1976 multas
256 1950 319 1976 res
352 1938 443 1975 tum
476 1936 527 1976 ad
559 1939 649 1990 agri
677 1938 884 1977 culturam
909 1938 1118 1990 pertineat
1146 1936 1422 1989 vehementer,

69 1995 181 2049 quod
225 1998 381 2036 circum
424 1995 621 2036 arborum
664 1996 821 2037 radices
866 1996 1034 2036 infundi
1076 1997 1199 2049 solet,
1243 1998 1422 2036 maxime

69 2055 120 2095 ad
152 2055 297 2107 oleam,
331 2057 371 2094 et
402 2055 654 2109 ubicumque
685 2059 731 2096 in
763 2070 864 2110 agro
896 2055 1025 2096 herba
1054 2058 1188 2096 nocet.

188 2166 206 2192 3
232 2158 421 2193 marcescit
438 2159 522 2193 Keil
540 2160 551 2203 Η
571 2166 588 2192 5
609 2159 673 2193 del.
696 2159 878 2194 Victorius
896 2161 907 2204 ΙΙ
927 2166 945 2193 8
966 2170 1059 2203 quae
1073 2171 1104 2194 v.
1131 2159 1197 2203 qui
1216 2160 1228 2202 ΙΙ
1246 2165 1282 2192 15
1296 2159 1362 2194 del.
1376 2171 1397 2194 v
1410 2159 1422 2204 {l

68 2214 105 2240 16
130 2207 272 2240 ledatur
307 2208 343 2247 (i.
378 2218 403 2241 e.
436 2207 459 2240 1.
493 2207 632 2240 edatur}
667 2206 732 2242 del.
758 2207 851 2242 Seal.
884 2209 895 2252 ss
925 2213 962 2240 18
993 2207 1031 2240 in
1051 2208 1136 2242 add.
1157 2206 1352 2242 Schneider
1371 2206 1423 2251 (in

65 2266 133 2299 pro
160 2256 195 2288 et
219 2255 258 2288 in
284 2254 382 2298 Keil)
403 2255 414 2297 ΙΙ
433 2261 468 2287 19
490 2254 574 2288 add.
596 2255 683 2289 Keztl
702 2256 712 2299 ΙΙ
733 2261 771 2288 20
796 2254 991 2289 fraccescat
1019 2255 1116 2289 Non.
1138 2256 1149 2299 ΙΙ
1168 2261 1203 2288 21
1230 2265 1283 2298 sq.
1310 2253 1422 2288 serias

67 2313 99 2337 v.
138 2313 224 2336 sena
246 2302 250 2348 l
273 2312 314 2336 ac
339 2305 371 2336 et
395 2302 443 2335 ad
468 2302 670 2336 Iucundus.
717 2303 763 2336 ad
789 2306 821 2337 et
846 2313 887 2336 ac
906 2304 917 2347 Η
937 2309 974 2336 25
1000 2302 1039 2335 iu
1064 2301 1203 2337 acervis
1229 2302 1295 2337 del.
1312 2302 1422 2347 Keil}
