1560 2506
372 48 542 84 RERVM
565 47 873 83 RVSTICARVM
896 49 982 83 LIB.
1001 49 1035 83 H
1060 51 1151 83 8—-9
1354 50 1439 91 103

90 159 210 187 canes
255 146 502 186 defensores.
575 148 621 186 in
664 146 790 186 suillo
833 160 982 198 pecore
1018 148 1160 186 tamen
1197 149 1295 187 sunt
1336 159 1441 200 quae

91 219 135 246 se
175 205 404 257 vindicent,
449 204 591 258 [81168]
635 219 790 257 verres,
835 205 1024 257 maiales,
1067 205 1236 246 scrofae.
1310 220 1441 260 prope

90 267 202 305 enim
243 264 344 304 haee
387 266 518 317 apris,
562 266 635 317 qui
677 266 723 304 in
767 264 882 304 silvis
928 278 1048 317 saepe
1087 264 1280 304 dentibus
1320 279 1440 310 canes

91 323 341 364 occiderunt.
403 323 504 376 quid
536 322 669 363 dicam
702 323 750 363 de
781 337 928 376 pecore
959 324 1144 364 maiore?
1183 337 1278 363 cum
1313 327 1481 366 86131112

54 398 70 423 5
90 383 302 423 mulorum
331 396 520 436 gregem,
565 396 657 422 cum
690 384 930 435 pasceretur
960 382 1057 434 (et)
1089 397 1136 423 eo
1167 385 1350 422 venisset
1380 384 1442 423 lu-

89 456 181 495 puS,
205 443 319 482 ultro
345 442 483 482 mulos
511 440 838 481 circumfluxisse
865 443 905 481 et
924 442 1097 495 ungulis
1119 441 1324 482 caedendo
1346 456 1442 482 eum

90 501 305 553 occidisse,
351 502 391 541 et
434 502 577 541 tauros
617 501 750 541 solere
788 500 972 541 diversos
1012 500 1210 541 adsistere
1246 501 1440 541 clunibus

88 561 355 601 continuatos
389 562 429 600 et
461 559 657 600 cornibus
689 560 811 600 facile
842 560 1089 613 propulsare
1121 561 1256 613 lupos
1314 574 1441 613 quare

89 619 138 659 de
175 619 347 659 canibus
387 622 587 672 quoniam
624 633 778 672 genera
816 619 916 671 duo,
955 633 1087 658 unum
1124 621 1362 659 venaticum
1400 621 1442 660 et

34 695 69 719 10
87 680 270 731 pertinet
313 678 365 718 ad
401 679 508 718 feras
546 678 700 718 bestias
741 679 968 731 silvestres,
1013 679 1191 718 alterum
1229 678 1342 731 quod
1374 693 1442 718 cu-

88 737 246 778 stodiae
284 752 408 778 causa
445 739 618 791 paratur
655 739 695 777 et
732 739 913 791 pertinet
951 737 1002 777 ad
1033 740 1260 790 pastorem,
1306 737 1440 778 dicam

88 796 136 837 de
168 811 215 837 eo
248 797 300 837 ad
330 797 509 837 formam
541 799 641 836 artis
674 799 907 850 expositam
938 799 984 836 in
1013 811 1165 837 novem
1195 798 1348 850 partes.

205 855 393 898 Primum
426 858 559 896 aetate
590 856 740 896 idonea
770 856 958 909 parandi,
1000 855 1112 909 quod
1144 857 1272 896 catuli
1304 858 1344 896 et
1375 857 1480 898 ve-3

87 915 167 955 tuli
209 929 345 968 neque
389 915 469 956 sibi
511 929 645 968 neque
690 915 837 956 ovibus
878 918 976 955 sunt
1014 915 1221 968 praesidio
1261 917 1301 955 et
1340 916 1438 955 feris

33 990 66 1015 15
87 973 231 1014 bestiis
268 989 356 1015 non
395 988 627 1028 numquam
664 974 852 1027 praedae.
913 975 1017 1014 facie
1056 974 1207 1014 debent
1238 989 1326 1014 esse
1358 975 1440 1015 for-

85 1035 204 1086 mosi,
235 1034 527 1087 magnitudine
559 1035 709 1087 ampla,
749 1035 880 1074 oeulis
912 1034 1180 1087 nigrantibus
1214 1036 1286 1073 aut
1317 1037 1440 1087 ravis,

84 1092 256 1133 naribus
290 1093 637 1146 congruentibus,
682 1093 809 1133 labris
844 1092 1056 1146 subnigris
1090 1095 1163 1132 aut
1194 1093 1438 1133 rubicundis

84 1165 219 1205 neque
250 1155 412 1192 resimis
447 1152 731 1206 superioribus
763 1166 839 1192 nec
870 1152 1064 1205 pendulis
1099 1152 1259 1204 subtus,
1297 1154 1439 1193 mento

87 1225 311 1264 suppresso
353 1213 394 1251 et
437 1226 485 1251 ex
530 1226 577 1252 eo
611 1214 742 1251 enatis
783 1211 944 1251 duobus
984 1211 1178 1251 dentibus
1218 1211 1362 1251 dextra
1399 1213 1440 1251 et

32 1286 67 1311 20
88 1272 258 1310 sinistra
300 1271 428 1323 paulo
478 1272 691 1323 eminulis,
743 1270 1028 1324 superioribus
1080 1270 1246 1310 directis
1296 1272 1439 1323 potius

87 1343 213 1383 quam
249 1329 458 1382 brocchis,
503 1332 646 1370 acutos
681 1344 785 1383 quos
817 1330 1000 1370 habeant
1032 1330 1149 1370 labro
1182 1332 1332 1382 tectos,
1377 1330 1481 1370 ca-4

85 1388 244 1442 pitibus
278 1391 318 1429 et
350 1390 547 1430 auriculis
579 1392 744 1442 magnis
778 1403 823 1429 36
849 1388 1000 1441 flaccis,
1033 1391 1181 1429 crassis
1210 1388 1438 1428 cervicibus

86 1462 133 1488 36
176 1449 303 1500 60110,
346 1448 578 1489 internodis
624 1449 899 1489 articulorum
942 1449 1100 1502 longis,
1145 1448 1335 1488 cruribus
1375 1446 1440 1500 [36

86 1507 195 1548 60110
238 1506 490 1561 internodis]
534 1510 657 1548 rectis
703 1510 743 1547 et
785 1510 927 1561 potius
972 1510 1082 1548 varis
1133 1521 1259 1560 quam
1302 1509 1439 1558 vatiiS,

31 1581 65 1607 25
84 1566 259 1620 pedibus
291 1569 456 1620 magnis
484 1568 525 1606 et
550 1568 658 1619 latis,
691 1570 764 1620 qui
788 1566 1042 1620 ingredienti
1069 1569 1106 1606 ei
1133 1566 1438 1619 displodantur,

85 1625 229 1679 digitis
262 1625 467 1678 (1186161318,
511 1626 724 1679 unguibus
758 1626 872 1666 duris
905 1640 952 1665 36
984 1628 1140 1678 curvis,
1185 1626 1274 1666 solo
1306 1640 1359 1666 ne
1391 1627 1440 1664 ut

86 1699 235 1726 corneo
279 1699 331 1725 ne
373 1687 553 1725 nimium
591 1685 712 1738 duro,
758 1685 829 1725 sed
866 1687 914 1725 ut
946 1685 1194 1725 fermentato
1229 1699 1275 1724 36
1306 1685 1438 1737 1110111,

86 1758 110 1784 3
151 1744 375 1784 feminibus
421 1747 593 1784 summis
640 1759 812 1798 corpore
858 1759 1100 1797 suppresso,
1146 1747 1267 1797 spina
1303 1757 1438 1796 neque

84 1804 269 1843 eminula
297 1817 432 1856 neque
465 1818 600 1856 curva,
634 1803 764 1844 cauda
796 1818 944 1855 crassa,
976 1805 1130 1844 latrato
1156 1805 1286 1856 gravi,
1319 1802 1438 1842 hiatu

204 1912 222 1939 2
248 1907 314 1941 del.
331 1907 533 1942 Pom‘edera
553 1908 602 1952 115
627 1908 835 1950 pasceretur
860 1908 895 1940 et
919 1906 1081 1940 uenisset
1102 1917 1192 1941 corr.
1230 1907 1440 1949 pasceretur

85 1964 128 1988 eo
147 1955 182 1987 et
194 1953 357 1988 uenisset
370 1954 444 1989 cod.
461 1955 584 1989 Paris.
605 1956 654 1998 (et
667 1965 708 1988 eo
725 1955 833 1996 Keil).
855 1956 1063 1998 pasceretur
1076 1964 1118 1988 60
1132 1953 1294 1987 uenisset
1312 1955 1323 1997 ΙΙ
1346 1960 1359 1985 7
1376 1953 1438 1986 3(1-

86 2011 208 2035 versos
224 2001 319 2035 Keil.
359 2012 502 2035 aversos
528 2002 656 2036 Grosse
674 2003 686 2046 ΙΙ
704 2008 742 2035 10
767 2002 814 2036 ad
838 2002 932 2035 feras
958 2001 1094 2035 bestias
1115 2012 1156 2035 ae
1176 2001 1362 2034 siluestres
1384 2000 1436 2035 ed.

87 2049 172 2083 Αἶά.
200 2049 277 2092 (ubi
302 2059 344 2082 36
368 2049 497 2083 delevit
516 2049 627 2093 Keil).
666 2050 713 2083 ad
737 2049 831 2083 feras
856 2048 1022 2082 bestibus
1042 2048 1314 2082 assiluestribus
1335 2047 1437 2081 assil-

84 2097 223 2130 uestres
248 2096 370 2131 mendi
395 2101 482 2130 nota
507 2097 677 2140 adposita
695 2098 707 2141 Η
726 2103 762 2129 16
787 2096 885 2130 131118
912 2107 942 2130 v.
985 2096 1084 2129 rabis
1104 2098 1115 2139 Η
1134 2102 1170 2129 18
1195 2107 1262 2129 1166
1286 2094 1438 2139 penduli

86 2143 219 2187 (neque
243 2143 414 2187 pendulis
441 2144 489 2188 V)
509 2145 520 2188 ΙΙ
540 2150 579 2177 20
605 2144 787 2185 eminulis,
814 2143 1065 2187 superioribus
1094 2143 1297 2178 Iucuwdus.
1348 2141 1438 2175 emi-

84 2201 153 2223 nus
180 2190 429 2225 suberioribus
449 2192 461 2235 11
480 2197 518 2224 23
544 2202 597 2234 sq.
619 2192 684 2225 dez.
704 2203 725 2226 v
747 2192 751 2236 1
774 2191 870 2224 varis
897 2191 1089 2225 Victorius.
1133 2190 1246 2223 uariis
1266 2192 1278 2233 ΙΙ
1297 2196 1334 2222 25
1354 2189 1437 2222 latis

87 2237 184 2272 Keil.
233 2238 316 2271 altis
340 2239 344 2283 l
367 2238 623 2282 displodantur
652 2250 683 2273 v.
735 2238 984 2281 displorantur
1013 2239 1024 2282 ΙΙ
1056 2244 1094 2271 26
1121 2237 1196 2271 solo
1224 2238 1282 2281 ne]
1317 2236 1438 2270 selone

84 2285 207 2319 ‘mendi
232 2288 320 2319 nota
345 2286 514 2329 adposita
540 2285 628 2329 (solo
663 2286 854 2330 Victorius)
874 2287 886 2330 ΙΙ
