1560 2407
122 67 157 103 X
665 67 933 103 PRAEFATIO

122 180 215 206 eum
253 168 419 218 plurimi
456 168 624 206 inventa
662 169 846 219 priorum
879 168 1085 207 editorum
1117 169 1236 207 nimis
1272 169 1483 219 patienter

121 228 297 275 ferrent,
337 228 458 278 pauci
492 227 600 266 unde
637 229 790 266 veteris
822 229 1051 278 scripturae
1077 229 1274 267 memoria
1300 228 1481 279 petenda

122 289 234 325 esset
265 287 560 337 intellegerent
586 287 651 326 vel
677 290 865 325 naturam
891 288 1091 326 sermonis
1118 287 1363 326 Varroniani
1388 300 1481 339 per-

120 349 306 397 spectam
332 343 560 385 haberent.²

240 406 316 444 His
338 418 442 457 quae
462 405 621 444 Keilius
643 406 835 456 exposuit
854 405 1006 453 addidi,
1028 417 1307 457 quaecumque
1328 405 1379 444 de
1399 406 1480 444 sin-

120 465 228 516 gulis
254 465 355 504 loeis
382 465 489 503 scitu
515 464 642 515 digna
668 477 757 503 esse
784 468 856 503 aut
880 465 969 515 ipse
993 465 1138 515 putavi
1158 468 1230 502 aut
1249 465 1319 503 alii
1336 478 1480 503 monu-

121 527 254 563 erunt.
308 526 350 573 9,
373 525 410 562 5.
459 524 640 562 Nicasius
670 525 889 562 Maronites
922 524 1250 574 dittographiam
1281 536 1370 563 esse
1402 537 1478 575 pro

120 585 312 632 Heyesias
349 585 570 622 Maronites
608 596 643 621 v.
685 585 708 621 3
748 584 980 633 suspicatur
1016 583 1063 621 E.
1100 583 1238 621 Weiss
1275 583 1318 621 in
1356 583 1479 622 docta

119 643 414 681 dissertatione
443 640 510 681 ‘de
537 641 694 681 Colum.
723 645 765 680 et
790 639 921 680 Vari-‚³
949 656 987 693 p.
1012 645 1077 690 11,
1110 642 1395 692 probabiliter.
1421 664 1479 669 —

121 704 194 750 10,
223 704 289 740 21.
350 703 477 750 ibique
514 702 655 752 Italia,
699 703 903 740 dicendum
940 703 1065 749 mayz's
1108 714 1192 740 eccm
1228 703 1350 749 fuisse
1388 714 1480 741 cum

119 761 256 800 Keilio
296 761 472 800 Schoell.
505 783 560 788 -—
598 764 662 809 10,
686 763 740 800 30
766 773 853 812 sqq.
897 761 960 799 Ex
997 762 1097 811 ipsis
1134 761 1304 799 Pacuvii
1341 761 1478 800 verbis

117 820 347 859 Varronem
384 821 487 859 nihil
524 821 687 859 adferre
725 824 894 871 praeter
929 821 999 858 illa
1036 822 1214 868 flammeo
1248 832 1391 869 vapore
1428 832 1479 859 ex

117 892 273 931 genere
305 881 505 919 sermonis
538 881 604 919 vel
629 881 744 919 Festi
780 883 823 918 et
849 880 1038 919 Suetonii
1071 879 1121 918 de
1155 879 1310 918 eisdem
1340 879 1478 918 verbis

117 940 368 978 testimoniis
399 952 600 990 apparere
635 942 757 990 putat
782 940 868 978 Leo
897 937 1046 978 ‘Stren.
1072 936 1256 989 Helbig’.
1306 952 1344 990 p.
1374 941 1477 978 172:

117 1002 263 1037 eontra
290 1011 412 1049 quem
437 1000 687 1038 sententiam
713 999 910 1038 Varronis
937 999 1101 1047 adferri,
1134 1011 1217 1037 non
1243 999 1370 1037 verba
1395 1011 1478 1037 me-

117 1059 199 1097 rito
226 1059 387 1097 monuit
412 1059 522 1097 Mras
545 1056 885 1097 ‘Jahresberioht’
908 1071 942 1096 a.
960 1060 1071 1097 1909
1088 1071 1126 1108 p.
1144 1059 1210 1096 65.
1229 1079 1277 1084 —
1300 1058 1345 1096 Ρ.
1362 1059 1476 1106 11,2.

116 1119 285 1166 diffindo
313 1131 398 1156 eum
417 1118 503 1157 Leo
531 1119 555 1156 l.
576 1131 606 1156 s.
627 1131 675 1157 s.:
703 1131 782 1169 quo
809 1131 892 1156 non
920 1130 1040 1168 opus;
1068 1118 1116 1156 ef.
1137 1117 1247 1155 Mras
1273 1118 1297 1155 l.
1317 1130 1347 1156 s.
1367 1129 1398 1156 s.
1423 1138 1472 1143 —
1549 1155 1553 1158 .

119 1179 186 1226 11,
202 1178 240 1215 8.
275 1178 445 1225 Venafro
471 1177 722 1216 adieetivum
749 1190 838 1216 esse
865 1178 955 1215 vult
979 1178 1088 1216 Mras
1109 1177 1133 1215 1.
1154 1189 1186 1215 s.
1207 1189 1237 1215 s.
1252 1198 1309 1203 —
1325 1179 1392 1225 11,
1408 1178 1475 1215 26.

115 1238 242 1285 adque
273 1238 462 1284 adunatos
482 1256 526 1266 =
548 1241 581 1276 et
613 1239 664 1275 ad
696 1238 885 1285 adynatos
917 1237 1084 1276 admisit
1116 1237 1241 1275 etiam
1268 1235 1477 1274 Zahlfeldt

116 1293 240 1334 ‘BerL
255 1297 353 1347 phil.
368 1293 450 1335 W?
465 1310 499 1335 a.
518 1300 535 1334 1
547 1298 629 1335 885
646 1309 684 1347 p.
702 1298 798 1345 676,
823 1297 902 1335 etsi
917 1296 1143 1335 Columella
1158 1290 1244 1349 (vel
1259 1295 1474 1334 Cornelius

116 1353 280 1409 Celsus)
300 1356 321 1394 Ι
343 1357 379 1404 3,
397 1358 418 1393 1
442 1360 555 1404 atque
575 1357 627 1394 ad
647 1359 809 1405 afflatos
830 1356 1010 1404 exhibet,
1032 1356 1101 1407 qui
1121 1355 1268 1394 eodem
1286 1355 1378 1393 loco
1397 1367 1473 1405 pro

114 1416 263 1454 decolat
279 1416 448 1454 insolito
475 1417 616 1466 posuit
635 1417 779 1454 deesset
796 1415 849 1453 ad
868 1428 983 1453 suam
1004 1415 1168 1454 dicendi
1186 1415 1391 1453 rationem
1411 1426 1474 1453 ac-

115 1475 427 1513 commodatius.
447 1475 510 1513 De
526 1477 650 1523 adque
665 1476 713 1514 of.
728 1475 848 1514 Thes.
862 1475 886 1512 l.
901 1476 971 1513 lat.
986 1496 1044 1500 —
1061 1476 1127 1523 13,
1145 1477 1210 1512 17.
1231 1475 1392 1512 evehunt
1404 1473 1474 1524 qui

114 1534 295 1573 seribere
315 1535 482 1583 malent,
502 1536 641 1573 neseio
656 1547 708 1573 an
726 1534 852 1573 iidem
871 1535 1083 1573 convehunt
1100 1537 1223 1572 antea
1235 1545 1391 1584 ponere
1405 1533 1474 1571 de-

113 1594 253 1632 beant.
274 1616 331 1620 -—
360 1595 426 1642 15,
451 1597 485 1632 7.
525 1598 594 1633 aut
618 1596 699 1633 alia
717 1593 921 1643 [metalla]
945 1594 1101 1632 metalla
1125 1592 1334 1631 Zahlfeldt
1357 1593 1382 1630 1.
1397 1604 1472 1630 s.s.

114 1666 207 1691 cum
219 1653 615 1692 Reitzensteinio.—
633 1658 650 1691 1
662 1656 698 1702 9,
709 1656 730 1691 1
741 1666 800 1705 sq.
820 1657 957 1698 terrae,
970 1652 1050 1702 [et]
1064 1654 1188 1691 altera
1199 1652 1376 1699 Keilius;
1392 1663 1470 1702 ego

114 1712 167 1750 ad
192 1712 386 1751 Aldinam
411 1713 534 1760 redii3
563 1726 658 1752 nam
685 1713 871 1763 exempla
897 1713 1044 1764 quibus
1069 1712 1228 1751 Keilius
1255 1712 1379 1750 altera
1405 1708 1472 1748 ‘ad

113 1772 288 1810 alteram
319 1773 476 1822 primae
509 1774 640 1823 partis
672 1770 866 1823 speciem'
901 1773 1111 1822 pertinere
1146 1783 1269 1822 posse
1305 1770 1472 1809 demon-

115 1834 248 1870 strare
276 1835 450 1870 conatur
475 1833 598 1886 alieni
619 1833 782 1882 generis
804 1844 893 1870 esse
914 1833 1001 1870 visa
1020 1834 1128 1869 sunt.
1141 1851 1200 1856 —
1217 1832 1282 1878 19,
1298 1831 1335 1868 5.
1360 1831 1473 1868 tertia

105 1903 208 1940 pars
228 1891 399 1929 derebus
415 1892 601 1930 dividitur
621 1893 746 1930 etiam
765 1892 807 1929 in
828 1891 1123 1930 commentario
1137 1890 1274 1938 Keilii,
1293 1890 1471 1928 fortasse

112 1952 240 1989 recte.
270 1972 319 1976 -—
351 1953 424 2000 22,
453 1952 519 1990 25.
570 1953 680 1990 cuius
705 1948 865 2000 (modi)
897 1950 1062 1989 Schoell
1094 1950 1183 1989 coll.
1211 1949 1261 1987 de
1287 1949 1357 1987 1.1.
1377 1948 1470 1987 adn.

113 2009 166 2047 ad
195 2010 292 2057 125,
313 2011 337 2048 8
367 2013 410 2048 et
435 2011 564 2060 praef.
591 2024 629 2061 p.
649 2010 811 2048 XXIII:
837 2010 917 2048 nisi
942 2010 1060 2060 plura
1084 2008 1397 2056 interciderunt,
1422 2010 1471 2046 ut

113 2069 215 2107 mihi
246 2069 378 2107 visum
411 2073 486 2108 est.
514 2091 569 2096 —-
599 2072 665 2118 25,
690 2072 754 2108 12.
803 2071 846 2107 in
872 2070 961 2108 exili
992 2081 1084 2107 eum
1109 2067 1360 2107 Schneidero
1386 2079 1470 2105 ma-

113 2128 204 2166 vult
223 2128 398 2166 Schoell.
415 2150 470 2155 —
487 2131 554 2178 26,
571 2131 637 2168 20.
676 2142 794 2177 quam
808 2129 1022 2177 postulavit
1047 2129 1184 2166 modus
1203 2129 1291 2175 ayrc'
1310 2126 1468 2165 Colum.

111 2187 133 2225 I
153 2189 191 2235 4,
214 2188 256 2226 6:
290 2188 398 2238 apud
431 2200 553 2238 quem
585 2191 671 2237 ayrz'
698 2188 965 2236 desiderares,
997 2187 1108 2238 apud
1132 2187 1360 2226 Varronem
1384 2198 1468 2224 non

111 2247 215 2285 item
236 2242 304 2299 (cf.
322 2243 489 2300 26,19).
504 2269 562 2274 —
578 2250 644 2296 27,
661 2250 697 2286 6.
725 2248 1002 2286 advertendum
1020 2247 1135 2286 nolui
1153 2246 1316 2284 abicere
1335 2246 1467 2284 fretus

113 2307 310 2357 exemplis
332 2310 379 2345 ut
399 2307 449 2345 de
471 2308 495 2345 l.
515 2307 540 2345 1.
564 2309 659 2356 183,
681 2310 734 2346 22
758 2310 801 2346 et
820 2308 921 2346 aliis.
941 2328 1000 2333 —
1021 2309 1088 2355 27,
1110 2308 1147 2344 8.
1185 2306 1358 2344 alescunt
1376 2318 1468 2344 cum
