1555 2527
83 56 112 95 4
650 54 886 90 VARRONIS

84 151 147 193 De
181 151 354 194 canibus

86 210 131 253 Si
156 214 278 266 prata
303 215 402 253 sunt
421 215 466 253 in
487 212 629 266 fundo,
657 227 782 267 pecus
804 227 891 253 non
911 216 984 266 est,
1012 212 1112 267 quid
1134 215 1188 253 sit
1209 211 1444 254 faciendum

83 269 146 312 De
178 274 296 313 muto
329 274 612 313 instrumento

86 329 200 379 Quae
233 333 273 371 et
306 345 388 385 quo
423 331 606 385 quidque
638 332 730 372 loco
762 334 941 372 maxime
974 331 1167 386 expediat
1199 346 1331 373 serere

84 388 188 431 Olea
217 393 263 431 in
295 391 410 444 quali
443 405 544 445 agro
579 390 752 432 serenda
784 393 839 431 sit
1482 407 1497 432 5

82 449 218 491 Vinea
247 452 292 490 in
325 464 407 504 quo
442 464 542 504 agro
577 450 749 491 serenda
781 453 836 491 sit

84 508 176 557 Quo
209 510 302 550 loco
334 509 488 550 ridicae
520 512 565 550 in
596 512 718 550 vinea
748 509 824 564 figi
857 509 1033 550 debeant

82 567 144 610 De
189 569 290 610 solis
336 584 459 610 cursu
504 567 787 623 [in]discripto
831 572 877 610 in
918 571 1057 623 partes
1103 572 1202 610 anni
1246 571 1446 624 quattuor

202 630 242 669 et
283 630 376 669 octo
424 631 464 669 et
507 628 556 669 de
601 631 658 669 eis
699 628 861 682 <quae>
893 643 1057 683 quaque
1097 631 1216 683 parte
1259 631 1304 669 in
1343 643 1444 683 agro

203 686 436 740 debea<n>t
466 687 557 728 fieri
1466 704 1500 729 ιο

84 746 298 796 Quotenos
342 747 427 788 dies
469 747 622 788 habeat
663 747 857 801 quodque
902 750 1067 801 tempus
1111 750 1211 788 anni
1255 747 1446 801 discripti

204 809 249 847 in
282 809 483 860 quattuor
514 809 653 861 partes

83 865 224 907 Primo
261 867 485 907 intervallo
523 868 634 907 inter
670 866 888 908 favonium
927 868 967 907 et
1008 868 1320 920 aequinoctium
1359 881 1446 907 ver-

201 940 304 967 num
337 940 442 980 quae
474 926 565 967 fieri
598 927 790 980 oporteat

85 984 275 1026 Secundo
319 986 542 1027 intervallo
587 988 697 1026 inter
739 1000 916 1026 vernum
960 987 1289 1039 aequinoctium,
1334 985 1447 1039 quod
1467 1001 1500 1028 15

203 1047 265 1086 est
290 1044 393 1086 VIII
424 1045 507 1087 kal.
533 1043 715 1099 Apriles,
754 1047 795 1086 et
828 1046 1102 1099 vergiliarum
1133 1047 1335 1099 exortum,
1374 1047 1448 1099 qui

202 1106 264 1145 est
296 1101 356 1145 VI
386 1104 479 1146 idus
512 1104 658 1159 Maias,
690 1119 795 1159 quae
826 1104 917 1145 fieri
949 1107 1140 1158 oporteat

83 1163 225 1205 Tertio
270 1165 493 1206 intervallo
538 1167 648 1206 inter
691 1165 964 1219 vergiliarum
1007 1166 1215 1217 exortum,
1269 1166 1342 1218 qui
1385 1166 1449 1205 est
1510 1163 1512 1165 ’

202 1223 262 1265 VI
305 1223 399 1265 idus
432 1223 582 1278 Maias,
628 1226 669 1265 et
713 1225 962 1277 solstitium,
1007 1223 1120 1278 quod
1163 1226 1226 1265 est
1264 1222 1325 1264 VI
1365 1223 1447 1265 kal.

203 1282 345 1337 Iulias,
379 1298 485 1338 quae
517 1284 608 1325 fieri
640 1285 833 1338 oporteat
1467 1299 1501 1326 20

83 1341 146 1383 De
177 1345 310 1384 vineis
342 1344 522 1385 novellis

84 1401 147 1443 De
178 1405 497 1457 pampinatione

85 1461 231 1511 Qualis
265 1465 320 1504 sit
352 1464 570 1517 capreolus
602 1465 648 1503 in
679 1465 763 1503 vite

83 1521 146 1563 De
177 1521 334 1576 pabulo
369 1522 545 1564 secando

84 1580 146 1622 De
177 1584 432 1636 inrigatione
1466 1597 1500 1623 25

85 1640 244 1690 Quarto
276 1643 500 1683 intervallo
532 1643 642 1682 inter
675 1610 916 1694 solstitium,
955 1640 1068 1695 quod
1099 1642 1162 1681 est
1193 1655 1243 1681 ex
1274 1639 1334 1681 VI
1366 1640 1448 1682 kal.

203 1700 332 1743 Iulias
370 1704 416 1742 in
454 1716 487 1742 a.
521 1701 557 1743 d.
589 1700 675 1742 IIII
710 1700 804 1741 idus
840 1698 1075 1755 Augustas,
1121 1702 1162 1741 et
1205 1700 1448 1753 caniculam,

205 1775 310 1815 quae
343 1764 406 1802 est
438 1776 487 1802 ex
519 1775 553 1802 a.
580 1760 616 1802 d.
643 1759 707 1801 III
737 1760 830 1801 idus
863 1758 1080 1814 Augustas
1106 1762 1152 1801 in
1178 1774 1212 1801 a.
1239 1759 1276 1801 d.
1301 1758 1341 1800 V
1365 1759 1448 1801 kal.

206 1818 420 1874 Octobres,
454 1835 559 1875 quae
591 1820 698 1861 fiant

85 1878 149 1920 De
179 1883 236 1920 eis
264 1894 370 1934 quae
397 1883 477 1921 seri
504 1881 697 1934 oporteat
723 1881 763 1920 et
789 1893 916 1933 quare
941 1880 1157 1933 legumina
1183 1879 1449 1933 appellentur
1468 1895 1503 1921 30

87 1938 245 1987 Quinto
277 1940 501 1986 intervallo
532 1942 643 1981 inter
681 1939 930 1992 caniculam,
975 1953 1080 1993 quae
1111 1937 1231 1992 (est)
1262 1953 1296 1980 a.
1323 1938 1359 1979 d.
1385 1937 1449 1979 HI

205 1998 297 2039 idus
331 1997 566 2053 Augustas,
612 2001 653 2040 et
685 2000 998 2053 aequinoctium
1036 1998 1296 2052 autumnale,
1337 1997 1450 2052 quod

207 2060 270 2099 est
302 2073 335 2099 a.
363 2058 399 2100 d.
426 2058 465 2100 V
496 2059 578 2100 kal.
612 2057 825 2112 Octobres,
858 2071 964 2112 quae
995 2057 1086 2098 fieri
1118 2059 1311 2112 oporteat

88 2116 214 2159 Sexto
252 2119 475 2159 intervallo
515 2118 565 2159 ab
599 2119 864 2172 aequinoctio
897 2117 1132 2158 autumnali
1164 2131 1297 2158 serere
1329 2130 1449 2170 opor-

207 2264 226 2291 8
252 2257 427 2302 discripto
456 2258 554 2293 Keil.
595 2257 818 2302 indescripto
837 2259 849 2303 ΙΙ
867 2264 886 2291 9
913 2257 996 2292 add·
1018 2257 1112 2293 Scal.
1134 2259 1145 2302 ΙΙ
1163 2263 1201 2291 10
1226 2256 1312 2292 add.
1334 2256 1423 2292 Keil
1439 2257 1451 2301 ΙΙ

89 2312 123 2339 11
150 2305 324 2350 descripti
343 2307 354 2350 ΙΙ
373 2312 410 2339 19
437 2308 472 2340 et
499 2306 597 2341 Keil.
648 2306 695 2340 ad
714 2307 725 2350 ι]
744 2312 779 2339 31
807 2306 891 2340 add.
921 2305 1007 2340 Keil
1025 2306 1037 2350 ΙΙ
