1560 2506
418 107 588 141 RERVM
610 106 915 141 RVSTICARVM
939 106 1024 140 LIB.
1044 106 1076 140 Π
1100 110 1122 139 4
1385 105 1439 146 87

91 205 382 256 immolantur,
421 206 462 243 et
492 203 606 257 quod
635 206 768 244 initiis
801 205 933 256 pacis,
977 202 1122 243 foedus
1156 217 1251 243 cum
1282 203 1442 254 feritur,

93 278 245 317 porcus
295 262 515 315 occiditur,
566 265 607 303 et
656 262 769 330 quod
809 264 1056 315 nuptiarum
1104 264 1228 301 initio
1279 264 1443 314 antiqui

95 337 212 376 reges
265 336 312 362 ac
364 321 564 362 sublimes
613 324 694 361 viri
743 324 788 361 in
837 320 1009 361 Etruria
1057 323 1103 360 in
1146 323 1442 361 coniunctione

95 381 275 434 nuptiali
303 394 415 421 nova
443 383 579 448 nupta
609 383 650 421 et
679 394 814 421 novus
846 382 1021 420 maritus
1053 382 1238 432 primum
1268 393 1443 432 porcum

61 440 324 481 simmolant.
372 442 501 492 prisci
532 453 698 493 quoque
730 438 882 491 Latini,
915 441 1041 479 etiam
1072 438 1220 479 Graeci
1249 441 1295 478 in
1319 438 1444 478 Italia
1460 438 1514 479 10

93 499 202 539 idem
243 498 455 539 factitasse
496 499 702 539 videntur.
780 513 880 538 nam
928 501 969 538 et
1016 500 1185 538 nostrae
1234 498 1443 550 muheres,

94 560 270 598 maxime
299 560 496 610 nutrices,
526 560 722 598 naturam
753 556 914 611 qua[m]
947 557 1125 597 feminae
1158 559 1256 596 sunt
1287 560 1332 596 in
1363 559 1444 596 vir-

93 616 262 671 ginibus
307 617 523 670 appellant
565 631 758 670 porcum,
803 619 843 657 et
874 630 1045 670 graecae
1078 616 1275 668 choeron‚
1315 618 1444 669 signi-

93 676 263 716 ficantes
297 690 386 716 esse
417 676 594 729 dignum
618 679 786 729 insigne
810 678 1067 729 nuptiarum.
1118 676 1291 715 suillum
1316 689 1443 728 pecus

42 749 75 774 io
95 734 296 775 donatum
327 735 378 775 ab
409 738 561 775 natura
592 735 737 775 dicunt
769 734 856 788 [iis]
889 734 941 774 ad
973 734 1240 788 epulandum.
1301 737 1444 787 itaque

92 796 144 834 iis
190 797 372 834 animam
407 794 548 834 datam
585 809 674 834 6336
711 794 888 847 proinde
932 808 978 834 ac
1023 794 1167 845 salem,
1213 808 1318 846 quae
1364 808 1444 833 ser-

92 855 210 893 varet
244 867 421 894 carnem.
484 868 505 894 e
543 856 636 907 quis
676 853 878 894 succidias
911 852 1024 893 Galli
1062 855 1241 906 optimas
1282 855 1321 892 et
1361 867 1445 892 ma-

93 915 226 952 ximas
268 912 403 953 facere
446 915 713 953 consuerunt.
787 914 1044 965 optimarum
1094 914 1279 965 signum,
1332 911 1445 964 quod

93 973 220 1012 etiam
247 986 361 1012 nunc
392 974 618 1024 quotannis
652 986 672 1012 6
693 971 831 1012 (131113
856 971 1132 1024 adportantur
1151 970 1330 1011 Romam
1355 985 1445 1023 per-

41 1045 73 1070 15
91 1045 171 1070 nae
191 1028 437 1071 Comacinae
457 1033 498 1071 et
512 1029 693 1071 Cavarae
714 1034 754 1071 et
772 1030 1058 1084 petas[i]ones.
1085 1030 1133 1070 de
1153 1030 1445 1083 magnitudine
1462 1030 1510 1070 11

93 1090 341 1144 gallicarum
373 1090 650 1130 succidiarum
682 1088 785 1130 Cato
819 1088 892 1143 (39
912 1088 982 1143 P.)
1016 1089 1162 1130 scribit
1192 1089 1257 1129 his
1290 1089 1445 1129 verbis:

95 1148 161 1189 ‘in
198 1147 321 1189 Italia
354 1147 551 1190 Insubres
595 1152 715 1189 terna
746 1151 871 1202 atque
903 1151 1106 1202 quaterna
1136 1149 1254 1188 milia
1285 1162 1313 1199 Τ
1334 1149 1447 1188 311113

94 1208 276 1248 succidia
324 1222 421 1248 11616
470 1223 540 1248 3113
590 1223 723 1261 usque
766 1208 866 1249 adeo
916 1207 1215 1262 pinguitudine
1265 1222 1446 1248 crescere

94 1268 213 1319 solet,
244 1269 292 1307 ut
324 1281 366 1307 se
396 1270 490 1320 ipsa
522 1270 636 1307 stans
671 1270 876 1308 sustinere
906 1282 995 1307 non
1025 1270 1161 1320 possit
1191 1280 1326 1319 neque
1352 1281 1446 1320 pro-

39 1341 74 1366 20
93 1326 212 1380 gredi
248 1340 437 1379 usquam.
498 1329 640 1380 itaque
678 1341 745 1367 eas
785 1329 915 1380 siquis
955 1341 1037 1380 quo
1078 1329 1251 1366 traicere
1283 1325 1445 1379 vol[e]t,

90 1387 138 1425 in
161 1384 455 1438 pla<u>strum
479 1385 687 1439 imponit.'
737 1389 783 1426 in
807 1385 1016 1439 Hispania
1041 1386 1238 1425 ulteriore
1264 1388 1308 1424 in
1328 1384 1447 1425 Lusi·

91 1447 208 1484 tania
251 1443 482 1497 [ulteriore]
534 1459 603 1485 sus
648 1459 743 1485 cum
786 1448 894 1485 esset
937 1447 1115 1497 occisus,
1166 1443 1324 1484 Atilius
1371 1444 1446 1484 Hi—

93 1506 340 1557 spaniensis,
372 1506 543 1544 minime
572 1504 749 1544 mendax
783 1507 823 1544 et
853 1504 1084 1544 multarum
1114 1518 1254 1543 rerum
1284 1506 1445 1556 peritus

91 1564 139 1602 in
166 1562 368 1615 doctrina,
406 1563 568 1603 dicebat
600 1562 645 1604 L.
670 1562 900 1604 Volumnio
935 1566 1117 1603 senatori
1148 1565 1320 1602 missam
1359 1577 1446 1603 esse

40 1637 74 1664 25
94 1621 268 1662 offulam
317 1636 412 1662 cum
462 1622 622 1662 duabus
674 1625 818 1674 costis,
869 1636 975 1675 quae
1024 1622 1223 1675 penderet
1272 1624 1355 1662 tres
1407 1624 1448 1662 et

93 1682 248 1734 viginti
290 1681 448 1734 pondo,
499 1684 671 1734 eiusque
715 1684 800 1722 suis
846 1696 869 1722 a
913 1684 1006 1722 cute
1048 1681 1099 1721 ad
1137 1695 1182 1721 os
1220 1681 1368 1733 pedem
1406 1683 1447 1721 et

92 1741 176 1780 1163
211 1739 366 1793 digitos
398 1740 539 1781 fuisse.
589 1739 668 1781 Cui
700 1755 790 1794 ego,
821 1739 922 1781 Non
946 1743 1085 1780 minus
1111 1754 1177 1780 res
1204 1739 1447 1780 admiranda
1462 1740 1516 1780 12

93 1812 189 1839 cum
230 1801 290 1839 mi
333 1802 441 1839 esset
484 1799 595 1839 dicta
630 1802 676 1839 in
707 1798 904 1851 Arcadia,
949 1802 1034 1839 scio
1072 1814 1138 1839 me
1174 1802 1256 1839 isse
1290 1802 1446 1852 specta-

92 1859 185 1898 tum
223 1872 356 1909 suem,
400 1872 505 1911 quae
542 1873 641 1912 prae
678 1859 976 1912 pinguitudine
1015 1861 1150 1899 carnis
1190 1873 1278 1898 non
1320 1858 1445 1899 modo

41 1934 74 1960 30
93 1930 264 1970 surgere
293 1931 382 1958 non
411 1920 566 1970 posset,
599 1917 670 1958 sed
701 1921 827 1958 etiam
857 1921 904 1958 ut
935 1921 981 1958 in
1012 1921 1099 1957 eius
1127 1931 1299 1970 corpore
1326 1931 1446 1958 sorex

214 2015 229 2041 7
258 2020 332 2052 qua
356 2020 377 2043 v
402 2014 436 2044 et
459 2013 635 2044 corrector
659 2010 794 2044 codicis
813 2010 902 2044 Par.
936 2020 1048 2052 quam
1066 2011 1078 2053 ΙΙ
1097 2016 1115 2042 8
1141 2020 1292 2053 graecae
1318 2014 1446 2054 χοῖρον

102 2056 292 2091 Victorius.
343 2057 465 2100 graeci
491 2068 513 2091 a
538 2057 715 2091 echoeron
734 2058 745 2100 [Ι
765 2063 783 2090 9
809 2057 953 2101 insigne
979 2069 1009 2091 v.
1061 2056 1285 2100 insignium
1311 2057 1356 2090 ab
1382 2067 1445 2090 na-

94 2106 177 2137 11113
201 2105 236 2147 (3
259 2105 391 2138 natura
416 2104 449 2137 V
464 2108 497 2139 et
522 2105 735 2150 apoyrapha
759 2105 969 2145 recentiora,
996 2104 1041 2138 ab
1067 2107 1198 2137 natura
1222 2104 1296 2138 cod.
1312 2104 1415 2147 Par.)
1437 2103 1441 2149 Ι

95 2150 162 2185 del.
188 2152 294 2193 111114
320 2151 428 2185 etiam
454 2163 551 2185 nunc
575 2163 606 2186 v.
646 2152 847 2185 etiamnum
869 2154 873 2195 Ῑ
897 2152 996 2194 quod
1021 2152 1125 2185 annis
1145 2153 1156 2194 Η
1176 2157 1212 2184 15
1239 2151 1445 2185 comacinae

100 2198 298 2232 Turnebus.
313 2198 515 2232 comatinae
537 2200 542 2243 Ι
565 2199 630 2233 del.
642 2199 716 2233 cod.
729 2200 905 2233 Caesenas
922 2201 934 2242 ΙΙ
953 2205 987 2232 17
1001 2198 1231 2241 sq.Insubres
1246 2199 1445 2233 Turnebus.

95 2244 135 2277 in
160 2245 303 2279 scrobes
326 2247 331 2289 Ι
355 2246 477 2290 [311113]
505 2246 750 2280 succidiamm
776 2246 914 2288 saliere,
941 2257 1001 2279 sus
1023 2247 1110 2280 Keil
1135 2246 1223 2280 duce
1248 2245 1411 2280 Iordane
1436 2246 1448 2289 ΙΙ

95 2297 136 2325 2⁰
161 2291 227 2326 del.
255 2292 436 2327 Victorius
465 2296 477 2337 Η
505 2300 540 2326 21
566 2294 651 2328 add.
678 2305 714 2327 m
743 2295 754 2337 Η
785 2300 823 2326 22
850 2293 915 2328 del.
936 2294 1129 2328 Iucundus
1156 2295 1166 2337 ΙΙ
1195 2299 1233 2325 24
1258 2292 1445 2326 ualumnio

97 2338 298 2382 (uolumnio
332 2340 379 2384 V)
399 2341 410 2384 ΙΙ
429 2347 467 2374 25
493 2341 601 2374 costis
625 2352 657 2375 v.
709 2341 817 2374 coctis
837 2342 906 2384 {128
931 2340 1002 2374 isse
1036 2341 1199 2375 Ursinus.
1250 2350 1327 2373 esse
1346 2340 1358 2383 ΙΙ
