1560 2506
350 111 518 147 RERVM
540 110 855 146 RVSTICARVM
880 110 964 144 LIB.
984 111 1032 144 ΠΙ
1054 114 1143 145 6-7
1340 110 1422 152 129

71 209 402 263 sterotrophion‚
451 211 495 249 in
546 222 628 262 quo
673 222 758 249 uno
804 222 924 261 saepe
968 209 1034 248 vel
1078 211 1264 261 quinque
1306 209 1424 248 milia

71 271 171 309 sunt
200 269 397 309 inclusae.
446 270 681 321 peristeron
711 267 761 307 fit
791 269 839 307 ut
870 266 1036 308 testudo
1063 281 1228 321 magna,
1261 267 1488 308 camara3

70 329 222 381 tectus,
254 342 340 369 uno
373 329 480 368 ostio
515 328 714 380 angusto,
750 326 942 367 fenestris
973 329 1194 380 punicanis
1228 328 1301 366 aut
1331 327 1423 366 lati-

70 387 212 428 oribus
245 387 474 427 reticulatis
507 388 729 439 utrimque,
762 387 810 425 ut
841 386 957 426 locus
989 388 1124 426 omnis
1153 387 1207 425 sit
1232 386 1423 439 illustris,

36 462 50 488 5
69 460 173 487 neve
211 460 316 500 quae
354 460 521 499 serpens
560 446 716 486 aliutve
754 444 855 499 quid
893 445 1049 485 animal
1086 445 1323 485 maleficum
1363 448 1424 485 in-

70 507 198 546 troire
242 507 376 559 queat.
444 506 696 545 intrinsecus
742 518 869 558 quam
912 505 1124 545 levissimo
1169 507 1423 545 marmorato

70 566 151 605 toti
198 561 377 618 parietes
429 578 475 604 ac
526 578 712 605 camarae
766 563 1016 604 oblinuntur
1072 566 1112 604 et
1168 566 1423 604 extrinsecus

71 626 227 664 circum
262 623 482 676 fenestras,
525 638 578 664 ne
615 638 708 664 mus
741 625 814 664 aut
846 624 1000 664 lacerta
1031 637 1114 677 qua
1145 623 1340 677 adrepere
1373 622 1425 663 ad

71 682 328 724 columbaria
363 685 510 736 possit.
571 682 680 724 nihil
712 685 824 723 enim
854 682 1042 723 timidius
1076 682 1281 723 columba.
1344 683 1467 723 sin-4

19 760 53 785 10
71 742 183 796 gulis
226 742 398 796 paribus
444 742 701 783 columbaria
750 742 859 782 fiunt
908 741 1092 782 rutunda
1142 745 1186 782 in
1237 741 1425 783 ordinem

71 801 229 855 crebra,
275 801 440 843 ordines
485 815 611 856 quam
654 802 827 855 plurimi
864 803 1045 855 possunt
1083 816 1106 841 a
1143 804 1253 841 terra
1293 815 1425 855 usque

72 860 124 901 ad
167 875 384 902 camaram.
452 861 710 902 columbaria
754 861 923 915 singula
960 875 1048 901 esse
1087 863 1254 914 oportet
1292 863 1340 901 ut
1378 875 1423 902 os

71 919 239 974 habeat,
283 934 366 975 quo
404 920 529 962 modo
566 922 741 962 introire
779 922 820 960 et
857 923 967 961 exire
1004 922 1156 974 possit,
1200 922 1315 961 intus
1347 923 1426 960 ter—

70 993 222 1020 narum
263 980 499 1034 palmarum
542 994 590 1020 ex
634 979 829 1021 omnibus
866 979 1070 1033 partibus.
1141 979 1217 1020 sub
1258 979 1424 1020 ordines

20 1056 52 1082 15
74 1039 264 1093 singulos
303 1039 470 1080 tabulae
507 1039 628 1080 fictae
666 1042 713 1080 ut
752 1041 837 1079 sint
868 1039 1090 1093 bipalmes,
1135 1053 1217 1093 quo
1253 1041 1427 1079 utantur

72 1098 281 1140 vestibulo
323 1113 369 1139 ac
414 1098 630 1152 prodeant.
698 1113 850 1152 aquam
897 1113 985 1139 esse
1029 1101 1196 1152 oportet
1228 1112 1333 1152 quae
1365 1098 1468 1140 in-5

73 1157 187 1211 fluat,
219 1158 329 1198 unde
361 1160 402 1198 et
432 1158 573 1199 bibere
605 1160 645 1198 et
676 1158 749 1199 ubi
779 1159 911 1198 lavari
942 1160 1119 1212 possint.
1173 1157 1428 1211 permundae

73 1219 186 1257 enim
217 1219 315 1259 sunt
345 1217 423 1258 hae
454 1218 656 1258 volucres.
717 1220 858 1271 itaque
890 1220 1103 1271 pastorem
1135 1217 1427 1258 columbarum

74 1278 284 1331 quotquot
326 1277 540 1318 mensibus
583 1277 725 1318 crebro
765 1279 932 1331 oportet
972 1291 1172 1317 everrere:
1217 1279 1279 1317 est
1317 1280 1428 1317 enim

21 1352 55 1378 20
75 1336 187 1390 quod
220 1351 314 1377 eum
344 1338 540 1390 inquinat
570 1337 710 1377 locum
742 1339 984 1390 appositum
1013 1336 1065 1376 ad
1090 1340 1182 1391 agri
1208 1337 1427 1389 culturam,

73 1398 134 1435 ita
164 1397 212 1436 ut
242 1395 322 1436 hoc
354 1398 563 1449 optimum
591 1410 679 1436 esse
705 1398 948 1450 scripserint
974 1396 1147 1450 aliquot.
1199 1394 1428 1449 si[ve]quae

75 1454 270 1495 columba
295 1455 396 1509 quid
423 1455 653 1509 offenderit,
686 1458 733 1496 ut
758 1455 989 1509 medeatur3
1023 1456 1222 1509 siqua<e>
1247 1458 1428 1509 perierit,

74 1516 123 1554 ut
166 1514 376 1568 efferatur3
428 1517 538 1568 siqui
580 1516 689 1568 pulli
732 1515 873 1555 idonei
915 1517 1014 1556 sunt
1057 1515 1109 1555 ad
1154 1515 1428 1568 vendendum,

74 1575 252 1626 promat.
313 1576 415 1614 item
452 1588 557 1628 quae
594 1574 701 1614 fetae
740 1576 855 1628 sunt,
901 1573 980 1628 [in]
1019 1576 1178 1614 certum
1209 1575 1350 1615 locum
1381 1575 1468 1615 ut6

23 1648 55 1674 25
76 1632 306 1679 disclusum
338 1633 389 1674 ab
422 1634 514 1674 aliis
547 1636 633 1674 rete
664 1633 832 1686 habeat,
874 1647 956 1687 quo
989 1633 1368 1687 transfera<n>tur‚
1409 1648 1428 1674 e

77 1706 159 1746 quo
197 1693 318 1734 foras
349 1707 397 1733 ex
436 1695 694 1747 peristerone
735 1694 899 1734 evolare
938 1696 1105 1747 possint
1144 1692 1428 1747 matres[que].

77 1751 190 1805 quod
226 1752 387 1793 faciunt
425 1752 584 1793 duabus
625 1752 673 1793 de
705 1755 859 1793 causis:
891 1767 992 1806 una,
1026 1756 1060 1793 si
1097 1752 1320 1793 fastidiunt
1357 1755 1430 1792 aut

76 1812 262 1852 inclusae
301 1814 620 1865 consenescunt,
666 1812 779 1865 quod
809 1812 941 1853 libero
975 1827 1083 1865 aere,
1128 1826 1223 1852 cum
1254 1814 1430 1852 exierint

76 1873 122 1911 in
163 1885 303 1925 agros,
347 1870 701 1925 redintegrentur:
746 1872 877 1926 altera
918 1871 966 1912 de
1005 1885 1129 1912 causa
1165 1874 1338 1925 propter
1368 1874 1429 1912 in-

23 1945 58 1971 30
76 1929 233 1971 licium.
281 1932 398 1984 ipsae
429 1933 540 1971 enim
570 1933 743 1984 propter
767 1932 921 1985 pullos,
954 1945 1058 1985 quos
1084 1930 1252 1984 habent,
1284 1933 1429 1984 utique

76 1988 268 2042 redeunt,
310 1992 394 2030 nisi
435 2004 458 2030 a
499 2004 623 2031 corvo
666 1993 825 2031 occisae
865 1993 938 2030 aut
978 1990 1029 2031 ab
1068 1992 1265 2044 accipitre
1304 1992 1429 2030 inter-

195 2122 214 2150 4
238 2116 411 2161 utrinque
429 2118 441 2162 ΙΙ
462 2124 476 2150 7
505 2128 669 2152 camarae
697 2118 737 2161 V,
764 2128 927 2152 camerae
953 2129 1075 2163 apoyr.
1097 2119 1108 2162 ΙΙ
1127 2124 1163 2151 12
1190 2128 1372 2152 camaram
1396 2129 1427 2152 v.

80 2174 259 2198 cameram
278 2165 289 2208 ΙΙ
307 2171 344 2198 14
363 2166 549 2199 ternorum
567 2165 774 2209 palmorum
794 2165 985 2200 Iucundus
1003 2167 1014 2209 ΙΙ
1033 2172 1070 2198 16
1089 2165 1283 2199 uestubulo
1307 2167 1312 2209 1
1335 2176 1429 2208 quae

79 2211 282 2246 Iucundus.
333 2222 404 2255 quo
424 2213 491 2257 1119
523 2213 622 2256 quod
648 2213 747 2256 quod
765 2214 776 2258 ΙΙ
796 2219 835 2247 20
866 2212 1077 2257 appositum
1106 2224 1138 2247 v.
1188 2213 1399 2256 oppositum
1418 2213 1429 2256 [Ι

80 2264 116 2291 21
136 2257 346 2302 scripserint
363 2271 394 2294 v.
422 2259 643 2304 scripserunt
664 2261 669 2304 Ι
691 2259 843 2304 aliquod
857 2260 985 2305 (aliqui
998 2271 1031 2303 v,
1047 2261 1145 2304 Keil)
1169 2260 1173 2305 Ι
1197 2260 1262 2295 del.
1283 2260 1429 2304 Reiterss

80 2311 118 2338 29.
133 2305 217 2340 add.
230 2306 317 2341 Keil
335 2308 346 2351 [Ι
365 2313 403 2340 24
417 2307 483 2342 del.
499 2307 592 2342 Scal.
613 2309 623 2351 ΙΙ
643 2314 681 2341 25
696 2308 780 2342 add.
794 2319 815 2342 v
835 2309 845 2351 ΙΙ
865 2314 904 2341 26
916 2307 1100 2351 peristone
1115 2307 1350 2351 (peristerone
1364 2306 1408 2351 V)
1422 2321 1425 2352 ς

82 2352 223 2387 evolare
257 2353 419 2389 Ursinus.
471 2365 621 2388 euocare
644 2356 648 2399 ἱ
671 2355 737 2389 del.
765 2356 852 2390 Keil
876 2355 964 2390 duce
988 2366 1009 2389 v
1028 2356 1039 2399 ΙΙ

151 2417 264 2443 VARRO
284 2424 352 2444 mm.
371 2425 460 2445 Rvs'r.
479 2426 529 2444 m).
549 2425 582 2444 n.
1195 2417 1213 2447 9
