1555 2527
87 114 143 156 82
643 115 885 151 VARRONIS

85 214 127 253 et
176 212 225 253 de
275 215 326 253 iis
377 228 467 254 eam
516 216 676 267 potiuS,
727 227 831 267 quae
882 213 1058 254 diutius:
1112 215 1282 255 novella
1329 217 1441 256 enim

44 272 71 312 2
87 286 213 325 quam
233 275 352 312 vetus
373 273 531 313 utilior.
563 273 669 325 <de>
689 274 826 313 forma
850 272 1076 313 videndum
1102 276 1150 314 ut
1175 276 1262 314 sint
1285 273 1441 328 firmae,

84 345 280 385 magnae,
325 346 476 385 corpus
515 333 604 372 leve
642 335 689 372 ut
720 332 919 384 habeant,
964 332 1107 373 crebro
1139 334 1247 386 pilo,
1290 335 1374 374 nisi
1406 336 1442 375 si

84 391 257 444 glabrae
303 394 401 431 sunt
451 390 552 444 (duo
597 394 708 431 enim
748 406 904 445 genera
952 390 1130 444 earum):
1181 392 1258 433 sub
1301 394 1441 434 rostro

85 449 188 490 duas
226 453 275 490 ut
311 451 559 490 mammulas
598 451 779 504 pensiles
812 450 1011 504 habeant,
1056 451 1167 504 quod
1200 466 1270 493 eae
1301 451 1441 493 fecun-¹
1479 469 1494 495 5

85 509 240 550 diores:
291 510 417 550 ubere
460 513 546 550 sint
588 509 830 563 grandiore,
880 512 929 550 ut
972 513 1013 550 et
1055 511 1120 551 lac
1167 512 1352 552 multum
1401 512 1444 552 et

84 571 244 622 pingue
284 569 466 609 habeant
506 583 583 622 pro
624 571 837 622 portione:
889 569 1030 610 hircus
1068 570 1255 611 molliori
1292 572 1334 611 et
1369 584 1442 624 po-

84 630 296 668 tissimum
336 629 424 681 pilo
466 629 561 669 albo
600 643 646 668 ac
685 631 841 669 cervice
880 631 922 669 et
959 629 1067 670 collo
1105 629 1239 683 brevi,
1284 643 1442 684 gurgu-

84 688 197 728 lione
229 688 434 741 longiore.
484 689 633 728 melior
664 688 713 727 fit
743 702 859 741 grex,
891 690 927 728 si
957 702 1046 729 non
1077 691 1141 729 est
1172 703 1220 729 ex
1253 690 1441 730 collectis

43 747 368 800 3comparatus,
414 747 485 787 sed
529 761 578 787 ex
623 749 833 788 consuetis
878 762 974 788 una.
1045 747 1094 788 de
1133 751 1309 789 seminio
1348 747 1440 789 dico
1460 765 1496 790 10

85 806 243 858 eadem,
294 820 399 859 quae
442 805 611 846 Atticus
660 809 706 847 in
756 807 924 847 ovibus:
979 806 1059 848 hoc
1109 808 1248 861 aliter,
1297 810 1442 849 ovium

85 880 225 906 semen
268 866 430 905 tardius
476 880 581 918 esse,
626 879 709 919 quo
754 880 824 906 eae
866 868 952 906 sint
982 866 1250 919 placidiores3
1295 869 1444 908 contra

84 926 240 978 caprile
265 925 465 965 mobilius
493 939 593 977 esse,
619 925 668 965 de
695 939 873 978 quarum
898 926 1119 966 velocitate
1144 928 1190 966 in
1216 924 1441 980 Originum

82 984 192 1024 libro
221 982 323 1025 Cato
346 983 421 1038 (52
437 983 504 1039 P.)
530 984 676 1025 scribit
700 985 819 1025 haec:
847 984 907 1025 ‘in
933 984 1125 1026 Sauracti
1142 984 1240 1038 <et>
1259 984 1440 1026 Fiscello

83 1058 231 1097 caprae
274 1043 384 1084 ferae
429 1046 545 1097 sunt,
595 1058 701 1097 quae
752 1045 910 1085 saliunt
959 1059 980 1085 e
1030 1058 1130 1085 saxo
1173 1044 1299 1098 pedes
1342 1045 1440 1099 plus
1460 1061 1494 1087 15

84 1102 342 1157 sexagenos'.
405 1117 502 1144 oves
534 1106 663 1156 enim,
707 1117 810 1157 quas
842 1106 1070 1158 pascimus,
1109 1107 1226 1145 ortae
1257 1106 1358 1145 sunt
1388 1103 1441 1145 ab

84 1162 232 1203 ovibus
278 1163 394 1203 feris:
440 1166 498 1203 sic
542 1176 646 1216 quas
684 1164 836 1203 alimus
874 1162 1079 1216 <ca-prae>
1117 1177 1142 1203 a
1172 1166 1308 1217 capris
1340 1163 1440 1204 feris

83 1224 216 1274 ortae,
273 1236 297 1261 a
352 1225 446 1275 quis
496 1225 671 1276 propter
719 1222 888 1263 Italiam
938 1221 1139 1276 Caprasia
1187 1223 1329 1263 insula
1377 1225 1442 1264 est

40 1281 311 1322 4nominata.
374 1282 422 1321 de
467 1285 602 1336 capris
648 1282 761 1336 quod
803 1283 976 1323 meliore
1021 1285 1178 1322 semine
1222 1296 1292 1322 eae
1333 1296 1440 1336 quae

81 1340 146 1380 bis
178 1343 362 1394 pariant,
407 1356 456 1381 ex
494 1342 560 1382 his
592 1344 863 1395 potissimum
892 1356 1028 1382 mares
1062 1342 1200 1382 solent
1232 1343 1441 1382 summitti
1459 1357 1494 1383 20

83 1400 134 1440 ad
178 1400 443 1441 admissuras.
524 1401 695 1455 quidam
745 1404 871 1442 etiam
921 1401 1023 1441 dant
1072 1415 1243 1454 operam
1291 1403 1341 1442 ut
1389 1415 1440 1442 ex

81 1461 222 1500 insula
251 1458 381 1500 Melia
411 1474 556 1513 capras
588 1460 788 1513 habeant,
826 1460 940 1514 quod
973 1460 1034 1501 ibi
1064 1463 1237 1501 maximi
1268 1475 1316 1501 ac
1345 1461 1440 1514 pul-

41 1520 68 1559 5
83 1519 277 1559 cherrimi
316 1522 611 1560 existimantur
649 1520 741 1561 fieri
780 1520 914 1562 haedi.
976 1520 1026 1560 de
1064 1522 1276 1573 emptione
1316 1520 1440 1561 aliter

83 1578 174 1619 dico
213 1581 338 1632 atque
374 1578 500 1633 fi[e]t‚
545 1579 659 1633 quod
697 1594 841 1633 capras
875 1594 997 1620 sanas
1030 1593 1156 1620 sanus
1187 1593 1311 1620 nemo
1342 1593 1439 1633 pro-

81 1640 225 1678 mittit.
286 1653 517 1692 numquam
556 1642 668 1679 enim
700 1642 789 1680 sine
820 1639 928 1680 febri
961 1641 1071 1679 sunt.
1130 1641 1275 1692 itaque
1307 1641 1439 1692 stipu-
1457 1654 1492 1680 25

81 1697 225 1737 lantur
254 1700 399 1750 paucis
433 1701 616 1752 exceptis
648 1698 804 1751 verbis,
845 1713 893 1739 ac
922 1697 1124 1738 Manilius
1157 1696 1219 1752 (p.
1249 1699 1312 1739 27
1342 1696 1437 1754 Br.)

83 1759 286 1810 scriptum
311 1758 483 1810 reliquit
506 1761 581 1799 sic:
614 1757 831 1809 ‘illas<ce>
851 1772 995 1811 capras
1015 1757 1140 1798 hodie
1158 1759 1269 1798 recte
1288 1772 1378 1798 esse
1397 1760 1439 1798 et

81 1815 222 1856 bibere
241 1830 365 1869 posse
384 1817 619 1871 habereque
632 1817 798 1870 (recte)
810 1819 946 1870 licere,
966 1817 1067 1857 haec
1087 1816 1366 1870 spondesne?'
1387 1816 1439 1858 de

81 1875 234 1928 quibus
250 1876 540 1917 admirandum
554 1878 664 1930 illut,
679 1877 792 1931 quod
806 1879 932 1917 etiam
939 1875 1171 1917 Archelaus
1186 1875 1243 1931 (p.
1252 1877 1334 1917 159
1353 1874 1435 1932 W.)

200 1986 217 2012 2
244 1980 328 2013 add.
358 1992 389 2014 m
416 1985 449 2015 et
477 1992 592 2025 supra
625 1982 821 2026 adscripsit
847 1981 922 2015 cod.
950 1981 1039 2015 Par.
1072 1982 1084 2025 ΙΙ
1114 1987 1131 2013 3
1157 1980 1237 2014 leve
1269 1980 1435 2015 Ursinus.

80 2026 162 2060 lene
181 2028 193 2069 ΙΙ
213 2034 230 2059 4
256 2030 370 2061 rostro
398 2029 495 2062 Keil.
544 2031 661 2063 rostra
679 2030 690 2073 ΙΙ
710 2036 727 2062 5
749 2029 848 2072 quod
867 2028 936 2062 hae
963 2028 1075 2071 (quod
1095 2039 1159 2062 eae
1182 2027 1270 2062 Fiet.
1290 2032 1324 2062 et
1348 2038 1435 2072 apo-

80 2075 223 2119 9rapha
243 2076 436 2119 nonnulla)
457 2078 468 2119 ΙΙ
489 2083 503 2108 ἲ
518 2076 677 2110 molliori
703 2088 748 2111 m.
798 2076 964 2109 mulioris
984 2077 996 2120 ΙΙ
1015 2082 1034 2108 8
1055 2075 1168 2109 breue
1187 2077 1198 2119 ΙΙ
1217 2081 1255 2108 10
1280 2075 1436 2109 seminio

80 2133 144 2156 mv
169 2126 200 2156 et
226 2123 300 2156 cod.
331 2123 418 2157 Par.
470 2124 616 2158 siminio
644 2126 655 2168 ΙΙ
679 2131 716 2157 14
742 2124 781 2157 in
807 2123 969 2158 Sauracti
1003 2125 1038 2156 et
1068 2122 1222 2157 Fiscello
1250 2123 1434 2158 Cluverus.

79 2169 119 2202 in
157 2170 313 2203 sauracti
350 2170 485 2204 fiscello
525 2172 575 2213 (in
615 2172 744 2206 soracti
770 2171 905 2205 fiscello
928 2171 975 2214 V)
1007 2171 1018 2215 ΙΙ
1048 2177 1084 2203 17
1112 2170 1197 2205 add.
1225 2170 1314 2204 Keil
1345 2170 1436 2206 duce

80 2217 250 2251 Iucundo
281 2218 292 2261 ΙΙ
323 2223 362 2250 20
395 2219 631 2260 sq.summitti
660 2219 885 2253 admissuras
918 2217 1111 2262 (summitti
1136 2218 1184 2251 ad
1209 2217 1434 2252 admissurae

75 2264 241 2308 plurima
277 2266 503 2310 apoyraphm
535 2269 545 2309 {1
577 2273 614 2299 22
639 2266 751 2300 Melia
777 2267 872 2301 Keil.
910 2265 1035 2300 media
1064 2267 1076 2310 ΙΙ
1106 2271 1145 2298 24
1171 2265 1292 2308 adque
1326 2266 1331 2307 Ι
1365 2265 1432 2300 del.

89 2312 269 2346 Victorius
287 2314 298 2355 Η
317 2319 356 2345 26
375 2312 546 2346 Manilius
569 2324 599 2348 v.
644 2314 857 2348 mamilibus
878 2312 1088 2357 (mamilibus
1109 2312 1201 2355 Pol„
1220 2311 1433 2346 mamilibus

80 2359 239 2402 plurima
270 2361 495 2404 apoyrapha]
516 2362 527 2404 ΙΙ
547 2367 584 2393 27
612 2361 695 2395 add.
722 2361 926 2396 Pontedera
946 2362 958 2405 ss
977 2366 1015 2394 28
1041 2359 1127 2395 add.
1155 2360 1380 2404 Iucundusfl
