1560 2506
313 58 478 93 RERVM
502 56 806 91 RVSTICARVM
830 56 915 90 LIB.
935 56 950 89 Ι
976 60 1113 90 31-37
1329 57 1383 97 47

45 159 140 197 ante
171 156 362 197 brumam
393 157 483 195 sata
514 168 618 207 quae
652 156 828 207 septimo
856 153 931 205 die,
962 152 1116 206 (post)
1140 153 1386 206 bruma<m>

45 218 135 256 sata
166 215 482 269 quadragesimo
515 213 580 253 die
610 215 680 253 vix
713 215 903 254 existant.
956 226 1090 266 neque
1123 215 1218 252 ante
1251 215 1410 265 aequi-⁷

43 277 232 316 noctium
262 275 392 326 incipi
421 275 613 326 oportere
638 274 800 325 putant,
834 272 956 325 quod,
991 275 1025 312 si
1050 273 1189 312 minus
1215 271 1387 312 idoneae

44 335 309 387 tempestates
346 334 431 372 sint
462 334 723 385 consecutae,
761 334 975 385 putescere
1014 333 1172 371 semina
1214 331 1386 371 soleant.

10 409 24 434 5
44 393 183 433 fabam
220 394 377 446 optime
416 394 495 431 seri
526 393 571 431 in
602 392 873 445 vergiliarum
905 405 1070 431 occasu:
1114 404 1215 430 uvas
1249 390 1427 430 autem?

0 705 25 730 [0

0 1000 26 1025 [5

0 1592 26 1617 25

0 1888 28 1914 30

27 453 180 506 -legere
217 454 258 492 et
288 450 539 491 vindemiam
580 450 712 490 facere
743 452 852 490 inter
884 452 1194 504 aequinoctium
1227 451 1388 489 autum-

43 512 138 552 nale
186 513 228 550 et
275 511 546 563 vergiliarum
595 523 804 550 occasum:
854 509 950 550 dein
992 511 1096 549 vites
1141 511 1287 562 putare
1327 511 1388 548 in-

44 573 179 624 cipere
228 572 269 610 et
316 583 549 623 propagare
598 572 639 609 et
688 583 820 609 serere
863 583 999 622 poma.
1078 568 1179 608 haec
1229 569 1390 621 aliquot

44 628 299 683 regionibus,
330 629 403 669 ubi
434 631 638 669 maturius
668 628 828 682 frigora
852 628 961 668 fiunt
986 630 1207 682 asperiora,
1239 628 1388 667 melius

43 702 170 729 verno
202 690 400 741 tempore.

163 745 350 801 Septimo
391 748 613 788 intervallo
645 749 754 787 inter
785 747 1056 800 vergiliarum
1088 760 1279 787 occasum
1312 748 1352 786 et
1364 754 1496 790 XXXV

44 806 237 847 brumam
276 806 377 847 haec
413 807 504 847 fieri
545 809 736 860 oportere
777 806 932 847 dicunt.
1001 820 1132 846 serere
1172 806 1310 846 lilium
1352 808 1391 845 et

46 880 222 907 crocum.
282 880 386 920 quae
417 869 501 906 iam
534 869 620 920 egit
651 866 829 906 radicem
862 880 966 918 rosa,
1000 864 1126 918 [mJea
1158 864 1391 917 con<ci>di-

45 928 114 966 tur
156 925 355 966 radicitus
396 928 441 966 in
481 926 668 979 virgulas
708 926 914 978 palmares
956 927 997 965 et
1037 925 1246 965 obruitur:
1291 924 1391 964 haec

47 984 188 1025 eadem
225 987 371 1038 postea
408 985 659 1025 transfertur
698 985 808 1024 facta
845 983 1060 1025 viviradix.
1131 984 1307 1024 violaria
1346 985 1391 1023 in

45 1043 175 1084 fundo
207 1044 339 1085 facere
369 1058 457 1085 non
488 1046 550 1084 est
581 1045 695 1097 utile,
727 1043 819 1085 ideo
853 1043 964 1097 quod
994 1057 1159 1084 necesse
1192 1045 1254 1083 est
1282 1045 1392 1083 terra

46 1103 256 1144 adruenda
295 1105 492 1157 pulvinos
532 1103 639 1156 fieri,
693 1117 797 1156 quos
838 1105 1105 1157 irrigationes
1147 1105 1187 1143 et
1224 1103 1391 1156 pluviae

45 1165 312 1216 tempestates
351 1163 529 1203 abluunt
570 1165 610 1203 et
653 1177 801 1216 agrum
841 1163 1002 1203 faciunt
1041 1165 1297 1202 macriorem.
1368 1161 1431 1202 a2

45 1222 214 1262 favonio
255 1236 387 1276 usque
429 1222 480 1262 ad
522 1224 676 1263 arcturi
721 1224 911 1262 exortum
955 1224 1064 1262 recte
1109 1222 1326 1274 serpillum
1371 1235 1390 1261 e

47 1283 268 1322 seminario
300 1281 534 1334 transferri,
580 1281 692 1335 quod
724 1281 881 1322 dictum
914 1281 964 1322 ab
998 1295 1063 1334 eo,
1105 1280 1218 1334 quod
1250 1282 1389 1334 serpit.

45 1341 179 1381 fossas
205 1355 335 1382 novas
362 1340 513 1393 fodere,
539 1344 696 1381 veteres
724 1343 896 1394 tergere,
922 1343 1063 1381 vineas
1091 1340 1390 1394 arbustumque

46 1402 211 1454 putare,
255 1400 355 1440 dum
394 1403 440 1440 in
471 1411 532 1440 XV
575 1400 718 1440 diebus
759 1402 853 1440 ante
892 1402 932 1441 et
963 1402 1060 1453 post
1090 1399 1298 1451 brumam,
1343 1401 1391 1439 ut

46 1460 254 1513 pleraque,
285 1474 338 1500 ne
369 1460 507 1500 facias.
556 1474 631 1500 nec
662 1474 749 1500 non
781 1462 871 1500 tum
904 1459 1063 1513 aliquid
1094 1462 1203 1500 recte
1229 1461 1390 1511 seritur,

46 1521 94 1559 ut
124 1519 240 1559 ulmi.

165 1576 322 1619 Octavo
348 1579 570 1619 intervallo
595 1581 705 1619 inter
733 1578 922 1618 brumam
948 1580 988 1618 et
1012 1578 1229 1619 favonium
1254 1577 1354 1618 haec
1367 1585 1515 1620 XXXVI

46 1636 136 1677 fieri
180 1640 356 1691 oportet.
428 1637 476 1677 de
521 1637 749 1692 segetibus,
795 1640 914 1691 siqua
958 1641 1019 1678 est
1060 1652 1184 1691 aqua,
1228 1636 1391 1690 deduci3

48 1698 114 1736 sin
142 1699 351 1737 siccitates
386 1699 484 1737 sunt
516 1699 556 1737 et
587 1699 698 1737 terra
728 1697 1051 1738 teneritudinem
1082 1697 1219 1749 habet,
1253 1699 1391 1737 sarire.

47 1758 188 1796 vineas
234 1756 485 1809 arbustaque
528 1759 687 1810 putare.
768 1771 862 1797 cum
905 1759 951 1796 in
995 1759 1106 1810 agris
1152 1770 1257 1810 opus
1301 1756 1392 1796 fieri

46 1829 134 1855 non
172 1817 328 1869 potest,
373 1829 478 1869 quae
519 1815 596 1856 sub
637 1818 746 1856 tecto
788 1818 967 1869 possunt
1004 1819 1105 1856 tunc
1137 1815 1393 1856 conficienda

47 1875 293 1916 antelucano
325 1877 512 1928 tempore
543 1875 730 1916 hiberno.
787 1889 891 1929 quae
923 1875 1009 1915 dixi
1042 1877 1197 1928 scripta
1228 1877 1268 1915 et
1298 1889 1392 1928 pro-

48 1935 186 1986 posita
216 1933 368 1974 habere
397 1937 442 1974 in
474 1935 575 1974 villa
607 1936 783 1988 oportet,
815 1937 993 1975 maxime
1019 1937 1067 1974 ut
1092 1935 1240 1975 vilicus
1266 1936 1391 1975 norit.

164 1992 264 2034 Dies
311 1993 478 2034 lunares
525 2007 690 2047 quoque
735 1991 999 2047 observandi,
1051 1996 1123 2047 qui
1173 1993 1531 2047 quodamXXXVH

48 2051 171 2093 modo
208 2052 414 2106 bipertiti,
459 2053 571 2106 quod
611 2067 635 2093 a
665 2067 777 2094 nova
816 2054 918 2093 luna
958 2055 1104 2106 crescit
1142 2052 1193 2093 ad
1223 2053 1392 2107 plenam

166 2163 183 2189 1
207 2159 290 2199 post
319 2157 488 2191 brumam
520 2158 606 2192 Keil
637 2158 726 2193 duce
757 2158 893 2193 Plinio.
942 2156 1074 2191 bruma
1102 2158 1114 2202 ΙΙ
1145 2163 1163 2190 4
1187 2159 1393 2200 putrescere

50 2214 128 2245 mv,
155 2203 242 2238 Keil
271 2205 284 2248 ΙΙ
314 2211 332 2238 8
358 2204 509 2248 aliquod
539 2206 550 2249 ΙΙ
580 2211 618 2238 13
644 2216 737 2247 quae
764 2205 860 2240 Keil.
913 2205 1012 2247 quod
1045 2207 1050 2248 Ι
1085 2206 1168 2248 eget
1193 2204 1282 2248 (egit
1313 2205 1389 2250 V)fl

51 2249 117 2284 del.
136 2261 157 2285 v
179 2252 184 2294 Ι
205 2251 290 2285 add.
311 2263 332 2286 v
352 2252 529 2297 (caeditur
546 2253 645 2295 Keil)
664 2254 677 2296 ΙΙ
695 2259 730 2285 17
750 2263 803 2296 sq.
822 2252 973 2296 pluuiae
992 2253 1225 2295 tempestates
1253 2251 1394 2295 (pluuia

52 2299 87 2330 et
111 2298 343 2341 tempestates
367 2300 530 2343 plurima
555 2301 779 2345 apographa)
800 2301 812 2344 ΙΙ
