1560 2506
325 58 493 93 RERVM
515 57 820 93 RVSTIGARVM
844 57 929 92 LrB.
949 58 964 92 I
992 61 1128 93 18-20
1345 59 1399 100 37

58 158 166 198 tueri
198 159 238 197 et
269 156 436 197 assidua
467 170 554 196 esse
585 157 761 209 possint.
811 157 855 195 in
889 169 935 196 eo
962 170 1135 196 numero
1162 171 1245 197 non
1276 157 1401 198 modo

58 218 130 270 qui
166 218 288 270 prata
322 215 495 268 habent,
537 217 586 254 ut
621 216 762 268 potius
803 228 898 255 oves
938 228 1063 268 quam
1096 230 1188 256 sues
1220 215 1402 257 habeant

58 277 215 327 curant,
242 274 313 316 sed
336 276 460 315 etiam
481 276 553 328 qui
571 288 660 314 non
686 274 824 314 solum
848 276 1066 327 pratorum
1092 288 1216 315 causa
1234 275 1400 328 habent,

56 336 229 389 propter
266 335 434 374 stercus.
505 333 554 373 de
596 333 766 373 canibus
807 347 904 374 vero
946 335 1109 387 utique,
1151 334 1263 387 quod
1299 336 1401 375 villa

21 410 36 436 5
59 396 146 434 sine
176 395 228 434 iis
260 407 408 446 parum
440 394 543 433 tuta.

172 452 310 506 Igitur
350 451 399 492 de
440 451 634 492 omnibus
677 450 1001 505 quadripedibus
1040 454 1176 505 prima
1213 455 1276 492 est
1306 467 1400 506 pro·
1414 461 1477 495 XX

54 511 180 565 batio,
213 513 285 565 qm·
315 511 456 552 idonei
489 513 573 551 sint
604 510 742 563 boves,
775 513 847 564 qui
873 511 1017 551 arandi
1044 525 1168 552 causa
1192 514 1399 553 emuntur.

54 584 158 625 quos
190 570 305 611 rudis
336 584 472 624 neque
503 572 678 611 minoris
705 572 851 611 trimos
877 584 1012 624 neque
1038 573 1207 611 maioris
1236 571 1399 624 quadri-

52 644 142 671 mos
183 629 432 684 parandum:
473 632 520 669 ut
560 628 718 669 viribus
759 632 923 683 magnis
967 632 1052 670 sint
1089 644 1135 670 ac
1166 645 1303 684 pares,
1346 645 1398 671 ne

0 706 34 731 10
52 691 98 729 in
129 703 252 743 opere
283 689 443 729 firmior
473 688 790 729 imbecilliorem
823 688 1031 730 conficiat:
1074 690 1223 743 amplis
1266 693 1398 731 corni-

51 748 129 788 bus
169 750 209 789 et
244 750 378 802 nigris
417 750 558 802 potius
598 762 723 801 quam
755 748 876 788 aliter
906 750 954 788 ut
987 751 1088 801 sint,
1132 749 1218 789 lata
1249 749 1397 802 fronte,

50 807 223 849 naribus
257 809 390 860 simis,
429 808 515 848 lato
547 810 730 861 pectore,
771 809 918 847 crassis
952 808 1258 849 coxendicibus.
1319 808 1437 849 hos?

50 869 267 908 veteranos
301 881 350 907 ex
382 866 682 920 campestribus
715 867 817 908 locis
849 881 937 907 non
968 867 1187 908 emendum
1218 870 1262 908 in
1296 867 1398 908 dura

51 940 98 967 ac
122 928 333 979 montana,
358 940 434 966 nec
458 941 547 967 non
565 924 768 979 <con>tra
787 928 822 966 si
841 926 999 979 incidit,
1026 929 1074 966 ut
1094 929 1149 967 sit
1168 927 1396 968 vitandum.

0 1002 30 1027 15
49 986 238 1027 novellos
277 1000 371 1026 cum
409 988 501 1039 quis
536 987 681 1026 emerit
711 988 926 1038 iuvencos,
971 988 1007 1026 si
1039 1000 1182 1026 eorum
1215 987 1322 1027 colla
1352 989 1397 1027 in

49 1045 185 1085 furcas
231 1044 451 1085 destitutas
495 1046 713 1086 incluserit
757 1059 803 1086 ac
848 1044 1006 1085 dederit
1047 1045 1205 1098 cibum,
1251 1045 1394 1086 diebus

47 1106 191 1158 paucis
233 1106 356 1145 erunt
394 1106 603 1145 mansueti
644 1106 684 1144 et
725 1103 776 1144 ad
814 1104 1068 1145 domandum
1102 1107 1237 1158 proni.
1304 1107 1395 1145 tum

47 1166 108 1204 ita
152 1163 448 1218 subigendum,
492 1165 540 1203 ut
576 1166 816 1205 minutatim
862 1165 1140 1204 assuefaciant
1184 1167 1224 1204 et
1261 1166 1309 1204 ut
1345 1167 1394 1204 ti-

48 1237 194 1264 ronem
226 1237 320 1263 cum
350 1226 545 1264 veterano
579 1223 812 1277 adjungant
844 1221 1065 1273 (imitando
1093 1226 1204 1264 enim
1229 1224 1393 1264 facilius

0 1299 29 1325 20
50 1280 277 1338 domatur),
322 1284 362 1322 et
404 1285 589 1336 primum
631 1285 677 1323 in
720 1297 851 1336 aequo
896 1284 988 1324 loco
1034 1285 1074 1323 et
1117 1285 1206 1323 sine
1244 1286 1394 1336 aratro,

47 1344 138 1382 tum
181 1356 229 1383 eo
273 1343 370 1394 levi,
421 1343 630 1395 principio
674 1356 747 1395 per
790 1342 988 1382 harenam
1038 1344 1110 1382 aut
1158 1343 1394 1384 molliorem

46 1403 211 1442 terram.
261 1415 365 1455 quos
399 1401 450 1441 ad
481 1403 681 1454 vecturas,
713 1404 815 1442 item
844 1401 1151 1442 instituendum
1180 1404 1228 1442 ut
1252 1402 1434 1443 inania3

46 1463 230 1514 primum
269 1460 423 1501 ducant
458 1461 649 1514 plaustra
680 1463 736 1513 et,
782 1463 816 1501 si
847 1464 1002 1514 possis,
1046 1475 1120 1514 per
1151 1463 1290 1502 vicum
1321 1464 1393 1502 aut

47 1519 266 1574 oppidum:
304 1519 444 1560 creber
482 1522 662 1574 crepitus
702 1534 748 1560 ac
784 1523 961 1561 varietas
1003 1535 1142 1561 rerum
1174 1523 1392 1562 consuetu-

0 1595 26 1621 25
47 1579 141 1619 dine
174 1578 496 1632 celeberrima[e]
536 1579 587 1620 ad
625 1580 853 1620 utilitatem
885 1579 1063 1620 adducit.
1131 1594 1266 1634 neque
1303 1595 1393 1634 per-

45 1640 249 1692 tinaciter,
282 1652 405 1692 quem
430 1639 574 1679 feceris
602 1638 803 1691 dextrum,
828 1641 874 1679 in
900 1654 946 1680 eo
972 1639 1236 1692 manendum,
1269 1640 1392 1693 quod,

47 1700 81 1738 si
119 1698 290 1739 alternis
331 1697 381 1738 fit
413 1700 599 1751 sinister,
643 1698 692 1738 fit
723 1698 933 1739 laboranti
964 1700 1008 1739 in
1042 1699 1243 1739 alterutra
1274 1702 1391 1753 parte

44 1759 219 1810 requies.
292 1757 365 1797 ubi
408 1759 519 1798 terra
562 1758 682 1810 levis,
726 1760 774 1798 ut
816 1760 860 1798 in
906 1756 1151 1812 Campania,
1201 1758 1261 1798 ibi
1304 1758 1433 1799 non4

44 1815 180 1857 bubus
219 1816 435 1870 gravibus,
481 1816 551 1857 sed
585 1819 719 1857 vaccis
753 1819 825 1857 aut
857 1819 984 1857 asinis
1018 1817 1130 1871 quod
1162 1820 1297 1870 arant,
1343 1833 1389 1859 eo

0 1891 26 1917 so
44 1875 208 1916 facilius
249 1875 301 1916 ad
338 1878 523 1916 aratrum
561 1877 650 1917 leve
682 1876 830 1917 adduci
862 1879 1058 1930 possunt,
1103 1876 1152 1917 ad
1184 1878 1317 1918 molas
1340 1880 1391 1923 ‚et

43 1934 95 1974 ad
139 1949 201 1988 ea,
246 1937 388 1989 siquae
429 1937 544 1988 sunt,
590 1949 694 1989 quae
730 1938 777 1976 in
802 1935 943 1993 ‚fundo
984 1935 1284 1977 convehuntur.
1345 1939 1390 1977 111

160 2069 179 2096 3
205 2064 331 2096 curant
368 2064 507 2106 (curent
548 2063 596 2107 V)
633 2064 644 2107 ΙΙ
682 2070 699 2097 4
737 2063 865 2107 utique
897 2064 996 2107 quod
1034 2064 1136 2108 (utile
1172 2064 1271 2107 quod
1298 2065 1388 2106 Pol„

42 2108 170 2153 utique
207 2111 307 2153 quod
346 2110 431 2145 libri
467 2122 581 2145 mame
615 2112 742 2154 scripti
778 2112 909 2155 onmes)
947 2112 958 2155 ΙΙ
994 2118 1028 2144 11
1065 2111 1162 2155 nigri
1202 2123 1228 2145 s,
1266 2112 1387 2155 potius

44 2156 171 2201 (nigris
190 2157 313 2201 potius
336 2158 375 2201 V,
394 2157 493 2202 nigri
520 2169 557 2192 .s.
589 2158 711 2201 potius
732 2159 915 2193 nonnulla
934 2159 1170 2204 apographa).
1207 2159 1304 2203 nigri
1323 2169 1387 2203 po-

41 2203 114 2237 tius
147 2204 233 2240 Keil
263 2206 274 2250 ΙΙ
304 2211 340 2238 14
365 2215 438 2239 non
465 2207 588 2239 contra
615 2206 718 2248 Keil,
752 2206 946 2249 Zahlfezdt.
980 2209 1111 2240 nontra
1140 2207 1151 2250 ΙΙ
1183 2213 1220 2240 25
1247 2206 1311 2241 del.
1338 2218 1358 2240 v
1377 2207 1388 2250 Η

43 2257 79 2284 27
106 2251 252 2286 alternis
277 2252 318 2286 fit
343 2252 502 2295 (alternis
530 2252 577 2286 sit
608 2253 648 2291 V,
675 2253 821 2287 alterius
848 2253 895 2287 sit
920 2253 994 2288 cod.
1021 2254 1141 2297 Flor.)
1167 2254 1178 2298 ΙΙ
1204 2260 1241 2286 29
1267 2253 1387 2287 uaccis

41 2299 104 2332 aut
127 2299 239 2333 asinis
265 2299 398 2344 (naccis
424 2301 460 2334 et
483 2299 595 2334 asinis
627 2301 675 2345 V)
695 2301 706 2344 ΙΙ
