1555 2527
113 75 133 114 1
142 73 198 114 22
662 71 904 107 VARRONIS

109 170 313 212 Murena?
365 174 457 224 quis
497 173 608 211 enim
646 172 818 223 propter
855 170 1097 210 nobilitates
1136 172 1307 224 ignorat
1343 173 1467 224 pisci—

109 245 185 271 nas
219 229 425 284 Philippi,
458 229 671 281 Hortensi,
706 228 1009 270 Lucullorum?
1059 244 1187 283 quare
1220 229 1330 270 unde
1362 230 1464 271 velis

44 297 175 333 :tvme
224 292 424 343 incipere,
474 288 575 341 Axi,
626 289 701 329 dic.
776 287 870 341 Ille,
914 288 1007 342 Ego
1052 304 1167 341 vero,
1215 291 1374 343 inquit,
1418 291 1466 329 ut

109 351 229 389 aiunt
260 352 358 402 post
389 351 599 402 principia
630 351 675 388 in
707 350 873 400 castris,
917 348 960 388 id
993 350 1055 389 est
1086 348 1137 389 ab
1170 348 1235 388 his
1268 351 1467 402 tempori-

108 408 186 449 bus
220 422 346 462 quam
379 407 677 462 superioribus,
716 407 829 460 quod
860 422 909 447 ex
941 407 1175 461 pavonibus
1208 408 1369 448 fructus
1402 421 1466 448 cae
1503 423 1519 449 5

107 470 285 521 piuntur
316 471 494 508 maiores
529 481 655 520 quam
687 481 708 506 e
740 467 924 520 gallinis,
975 468 1099 520 atque
1131 466 1233 508 adeo
1263 481 1353 508 non
1385 466 1466 508 dis-

109 527 335 579 simulabo,
368 526 481 580 quod
513 527 609 567 volo
643 526 691 566 de
724 526 949 566 ornithone
980 529 1181 580 primum,
1214 526 1327 580 quod
1359 527 1466 567 lucri

108 586 296 626 fecerunt
333 586 412 627 hoc
449 600 605 626 nomen
641 585 766 626 turdi.
830 588 1049 639 sexaginta
1086 589 1198 626 enim
1228 587 1346 626 milia
1377 585 1467 627 Fir-

109 646 243 687 celina
275 645 454 686 excande
486 660 551 685 me
583 645 771 685 fecerunt
803 645 1043 698 cupiditate.

62 705 93 746 2
226 704 399 758 Merula,
431 703 526 745 Duo
553 719 707 758 genera
733 706 843 757 sunt,
873 706 1024 758 inquit,
1051 704 1300 757 ornithonis,
1333 719 1466 745 unum
1485 719 1520 745 ιο

109 764 397 805 delectationis
437 778 579 816 causa,
624 766 671 803 ut
702 762 837 804 Varro
875 763 943 804 hic
974 763 1074 804 fecit
1104 766 1248 804 noster
1281 763 1358 804 sub
1391 761 1466 805 Ca-

109 827 220 876 sino,
265 823 377 877 quod
421 825 627 864 amatores
671 825 833 863 invenit
870 824 1045 875 multos3
1089 824 1268 863 alterum
1303 823 1464 864 fructus

108 897 243 935 causa,
277 897 360 936 quo
393 897 544 937 genere
575 883 804 923 macellarii
836 885 877 923 et
906 885 953 923 in
984 883 1087 923 urbe
1113 882 1285 936 quidam
1309 882 1467 923 habent

107 943 200 983 loca
231 943 373 983 clausa
405 945 445 982 et
477 956 572 982 rure
603 944 783 983 maxime
815 941 1022 983 conducta
1052 945 1098 982 in
1131 941 1316 995 Sabinis,
1353 941 1466 996 quod

106 1002 167 1042 ibi
207 1004 380 1055 propter
424 1004 515 1055 agri
558 1004 754 1042 naturam
803 1002 1040 1055 frequentes
1091 1003 1296 1055 apparent
1338 1001 1464 1043 turdi„
1486 1016 1519 1041 ιε

62 1061 158 1102 3οΧ
201 1063 252 1101 iis
297 1064 412 1102 tertii
449 1064 614 1115 generis
653 1062 789 1102 voluit
827 1075 915 1101 esse
950 1060 1152 1101 Lucullus
1192 1063 1466 1102 coniunctum
1536 1057 1539 1059 ’

107 1123 329 1173 aviarium,
368 1121 482 1174 quod
513 1121 612 1161 fecit
641 1123 688 1161 in
718 1120 976 1173 Tusculano,
1021 1122 1070 1160 ut
1100 1123 1146 1160 in
1178 1120 1322 1161 eodem
1353 1122 1464 1161 tecto

107 1180 345 1222 ornithonis
396 1181 608 1221 inclusum
654 1181 887 1220 triclinium
930 1180 1122 1232 haberet,
1172 1180 1247 1220 ubi
1291 1179 1466 1220 delicate

104 1242 308 1280 cenitaret
346 1242 386 1280 et
424 1241 528 1280 alios
568 1239 728 1280 videret
758 1242 804 1280 in
835 1253 1083 1280 mazonomo
1116 1242 1278 1293 positos
1311 1241 1464 1292 coctos,

104 1300 211 1339 alios
256 1300 433 1340 volitare
477 1302 634 1339 circum
677 1300 881 1339 fenestras
926 1301 1083 1353 captos.
1157 1298 1272 1352 quod
1313 1299 1466 1339 inutile
1485 1312 1519 1337 20

106 1361 369 1400 invenerunt.
430 1373 531 1399 nam
573 1373 661 1399 non
699 1360 867 1399 tantum
902 1361 948 1399 in
986 1373 1033 1399 eo
1073 1358 1217 1399 oculos
1257 1358 1466 1399 delectant

105 1420 218 1459 intra
249 1419 453 1459 fenestras
487 1432 581 1458 aves
613 1418 858 1471 volitantes,
900 1420 1107 1472 quantum
1145 1417 1321 1459 offendit
1352 1417 1466 1471 quod

56 1479 267 1521 'Valienus
301 1478 405 1519 odor
436 1479 582 1532 opplet
612 1492 745 1518 nares.
796 1477 868 1518 sed
899 1477 1013 1531 quod
1043 1479 1084 1517 te
1115 1477 1240 1517 malle
1272 1477 1465 1530 arbitror,

107 1536 207 1590 Axi,
258 1537 393 1578 dicam
443 1538 491 1578 de
535 1537 615 1578 hoc
658 1536 932 1590 [ornithone]
977 1536 1090 1590 quod
1133 1537 1294 1577 fructus
1340 1551 1466 1577 causa

106 1597 277 1650 faciunt,
310 1597 432 1650 unde,
463 1611 551 1637 non
582 1596 656 1637 ubi
689 1599 914 1637 sumuntur
944 1599 1124 1650 pingues
1157 1596 1282 1636 turdi.
1331 1598 1464 1650 igitur
1484 1609 1517 1635 25

106 1656 290 1709 testudo,
340 1659 388 1696 ut
431 1657 684 1710 peristylum
732 1658 890 1696 tectum
939 1656 1094 1709 tegulis
1145 1658 1218 1695 aut
1261 1657 1365 1708 rete,
1414 1655 1464 1696 fit

106 1730 277 1769 magna,
318 1718 363 1756 in
402 1730 484 1769 qua
521 1716 639 1756 milia
677 1716 840 1769 aliquot
876 1715 1098 1756 turdorum
1130 1729 1176 1755 ac
1208 1715 1465 1755 merularum

60 1773 318 1815 2includere
361 1777 545 1829 possint,
590 1775 762 1828 quidam
805 1789 901 1815 cum
941 1789 988 1816 eo
1027 1774 1211 1815 adiciant
1250 1777 1465 1828 praeterea

106 1849 201 1874 aves
252 1836 354 1875 alias
403 1849 587 1888 quoque,
639 1848 744 1888 quae
793 1837 973 1888 pingues
1024 1836 1207 1874 veneunt
1257 1848 1366 1886 care,
1416 1835 1465 1874 ut

105 1894 309 1934 miliariae
347 1909 394 1934 30
432 1896 679 1935 coturnices.
740 1896 786 1934 in
823 1894 903 1935 hoc
944 1895 1101 1934 tectum
1139 1907 1292 1947 aquam
1321 1895 1464 1934 venire
1483 1907 1519 1932 30

102 1955 273 2005 oportet
315 1968 389 2006 per
432 1953 620 1994 fistulam
663 1955 703 1993 et
748 1968 838 1993 eam
881 1956 1023 2007 potius
1067 1967 1142 2006 per
1185 1953 1348 1994 canales
1393 1966 1464 1993 an-

100 2014 251 2065 gustas
291 2027 470 2066 serpere,
515 2027 621 2067 quae
658 2013 779 2053 facile
818 2015 1024 2066 extergeri
1060 2014 1227 2066 possint
1265 2009 1320 2066 (si
1352 2014 1464 2052 enim

105 2071 189 2110 late
226 2071 285 2111 ibi
324 2072 475 2112 diffusa
513 2086 636 2126 aqua,
682 2074 723 2112 et
753 2074 1002 2126 inquinatur
1033 2072 1198 2112 facilius
1232 2073 1273 2111 et
1302 2071 1464 2112 bibitur

225 2182 242 2208 4
269 2186 291 2208 3
314 2176 591 2220 postprincipiis
620 2176 714 2211 Scal.
737 2178 742 2219 1
764 2176 822 2210 his
848 2188 879 2211 v.
918 2176 965 2210 iis
985 2178 996 2220 Η
1015 2182 1034 2209 8
1060 2186 1114 2219 sq.
1139 2175 1297 2209 fircilina
1314 2176 1325 2219 ΙΙ
1344 2181 1382 2208 10
1406 2185 1463 2208 or—

103 2222 273 2256 nithones
301 2223 516 2266 (ornithonis
552 2225 598 2268 V)
631 2226 642 2268 Η
674 2231 712 2257 24
738 2225 804 2259 del.
832 2224 920 2259 Keil
949 2225 961 2267 11
992 2230 1028 2257 27
1063 2222 1215 2266 aliquod
1245 2223 1257 2267 ΙΙ
1288 2228 1327 2256 28
1358 2233 1463 2266 prae-

101 2271 203 2303 terea
244 2271 399 2313 (praeter
433 2282 493 2304 eas
529 2272 605 2306 cod.
634 2273 735 2313 Par„
759 2273 963 2315 praetereat
1000 2271 1214 2316 apographa
1250 2270 1464 2313 recentiora,

104 2319 293 2361 praeterea
325 2318 358 2352 V
379 2322 411 2352 et
436 2319 510 2353 cod.
538 2319 653 2363 Flor.)
674 2320 685 2363 ΙΙ
705 2325 744 2352 30
769 2319 968 2353 cotornices
995 2318 1210 2363 (coturnices
1245 2318 1291 2362 V)
1311 2321 1323 2359 ΙΙ
