1560 2506
385 83 552 118 RERVM
575 82 880 118 RVSTICARVM
905 83 989 116 LIB.
1010 83 1057 116 ΠΙ
1086 87 1127 116 16
1348 83 1428 125 151

82 182 262 222 volitant
298 182 497 234 reliquas,
542 194 646 234 quae
682 180 871 220 nondum
903 183 1179 234 congregatae
1212 183 1326 232 sunt,
1370 190 1429 221 re-

83 242 333 294 spectantes,
382 240 480 279 dum
525 241 785 280 conveniant.
861 238 988 292 [cum]
1035 253 1058 278 a
1100 240 1289 279 mellario
1336 255 1429 280 cum

80 300 123 340 id
160 300 305 340 fecisse
344 301 442 339 sunt
481 298 806 350 animadversae,
850 298 1044 339 iaciundo
1082 301 1127 338 in
1159 313 1225 339 eas
1258 300 1428 351 pulvere
1483 332 1486 335 ,

81 361 121 399 et
153 357 526 400 circumtimn'endo
560 372 651 398 aere
685 359 945 411 perterritae,
985 371 1067 410 quo
1100 358 1250 398 volunt
1281 358 1494 411 perdu·3l

43 433 58 459 5
80 433 180 471 cere,
210 432 299 459 non
323 419 449 471 longe
474 416 571 458 inde
597 416 794 457 oblinunt
820 415 1066 469 er[h]ithace
1093 419 1216 470 atque
1243 420 1426 470 apiastro

78 479 307 531 ceterisque
338 476 479 529 rebus,
515 476 666 530 quibus
701 476 970 516 delectantur.
1032 476 1105 516 ubi
1139 476 1426 528 consederunt,

77 536 256 577 afferunt
280 537 421 576 alvum
447 534 612 589 [prope]
639 535 791 576 eisdem
818 536 972 575 inliciis
1000 534 1075 589 [et]
1101 536 1221 575 litam
1245 538 1359 576 intus
1387 539 1427 576 et

74 610 205 649 prope
236 594 487 649 apposita[e]
520 595 636 636 fumo
669 595 754 635 leni
786 594 1042 635 circumdato
1075 597 1234 648 cogunt
1266 609 1331 635 eas
1364 598 1425 636 in-

74 657 199 695 trare:
232 653 313 708 [ut]
347 654 507 708 qua<e>
539 657 585 695 in
614 668 767 695 novam
800 655 1009 694 coloniam
1041 669 1134 694 cum
1159 656 1424 707 introierunt,

20 729 54 754 10
72 716 319 767 permanent
362 714 462 754 adeo
506 713 701 766 libenter,
747 715 793 753 ut
838 715 963 754 etiam
1008 716 1042 753 si
1079 716 1315 767 proximam
1352 729 1424 767 po-

73 776 203 814 sueris
235 774 353 814 illam
384 774 541 826 alvum,
586 773 694 813 unde
728 775 933 826 exierunt,
974 775 1115 813 tamen
1150 787 1261 813 novo
1295 773 1423 814 domi-

72 834 168 874 cilio
200 835 342 886 potius
376 834 460 873 sint
492 834 722 873 contentae.

190 891 311 940 Quod
353 891 405 932 ad
441 894 654 946 pastiones
692 893 900 945 pertinere
939 906 1031 932 sum
1068 894 1183 932 ratus
1223 895 1422 945 quoniam
1437 892 1492 933 32

70 951 167 1005 dixi,
198 966 311 992 nunc
342 954 442 1004 iarn,
487 954 637 1005 quoius
670 951 850 1004 <causa>
883 951 1103 992 adhibetur
1135 966 1182 992 ea
1213 966 1327 1004 cura,
1373 952 1421 992 de

17 1025 49 1050 15
69 1011 208 1051 fructu
252 1011 396 1051 dicam.
459 1010 773 1051 eximendorum
810 1011 1002 1051 favorum
1041 1013 1210 1064 signum
1250 1014 1422 1052 sumunt

69 1084 117 1110 ex
154 1073 257 1123 ipsis
291 1070 320 1123 †
352 1073 453 1110 uiris
493 1071 609 1111 alvos
648 1069 800 1110 habeat
838 1085 935 1110 nem
968 1073 1295 1124 congerminarit
1326 1085 1420 1111 con-

66 1131 268 1170 iecturam
312 1132 500 1183 capiunt,
546 1132 580 1169 si
623 1131 738 1169 intus
783 1130 944 1170 faciunt
983 1129 1185 1170 bombum
1224 1132 1280 1182 et,
1326 1145 1419 1171 cum

64 1190 177 1230 intro
210 1191 310 1229 eunt
336 1203 381 1229 ac
406 1189 531 1242 foras,
562 1189 774 1242 trepidant
800 1191 840 1229 et
873 1192 918 1241 si,
951 1190 1148 1242 opercula
1174 1189 1420 1242 alv<or>um

66 1262 160 1288 cum
196 1247 515 1302 remor[e]is[si],
547 1249 739 1289 favorum
770 1249 977 1289 foramina
1008 1248 1189 1289 obducta
1225 1249 1419 1290 videntur

12 1322 45 1347 20
65 1306 237 1361 [mellis]
263 1307 528 1361 membranis,
555 1322 649 1348 cum
676 1310 760 1348 sint
785 1309 935 1361 repleti
956 1309 1090 1349 melle.
1133 1311 1179 1349 in
1199 1309 1416 1350 eximendo
1433 1310 1487 1351 33

65 1366 234 1420 quidam
266 1367 411 1407 dicunt
442 1369 634 1420 oportere
661 1369 722 1407 ita
746 1370 794 1407 ut
818 1381 970 1408 novem
995 1370 1133 1421 partes
1160 1369 1319 1421 tollere,
1353 1368 1417 1409 de-

64 1440 227 1466 cumam
258 1427 509 1480 relinquere:
554 1426 666 1480 quod
699 1430 733 1467 si
766 1441 887 1468 omne
921 1430 1093 1480 eximas,
1137 1427 1226 1468 fore
1258 1430 1305 1467 ut
1337 1428 1416 1468 dis-

63 1485 221 1526 cedant.
292 1487 363 1526 alii
406 1486 486 1527 hoc
529 1487 625 1540 plus
669 1487 895 1539 relincunt,
941 1501 1066 1540 quam
1111 1486 1207 1527 dixi.
1281 1490 1329 1527 ut
1371 1490 1416 1528 in

62 1547 188 1585 aratis
231 1548 302 1599 qui
341 1545 502 1586 faciunt
540 1546 746 1587 restibiles
787 1548 964 1600 segetes,
1007 1547 1103 1600 plus
1142 1547 1301 1587 tollunt
1332 1547 1415 1587 fru-

8 1618 41 1644 25
61 1606 192 1645 menti
235 1619 284 1645 ex
326 1606 577 1658 intervallis,
623 1609 680 1646 sic
724 1608 768 1645 in
813 1607 934 1658 alvis,
981 1608 1015 1646 si
1058 1620 1145 1647 non
1187 1608 1412 1659 quotannis

62 1666 215 1704 eximas
243 1666 315 1704 aut
339 1678 426 1705 non
452 1663 676 1719 [qu]aeque
698 1666 890 1718 multum,
918 1668 958 1706 et
977 1668 1111 1719 magis
1132 1666 1197 1705 his
1224 1666 1411 1706 assiduas

60 1722 211 1763 habeas
256 1738 352 1777 apes
392 1726 432 1764 et
468 1727 602 1778 magis
641 1725 889 1765 fructuosas.
952 1725 1265 1766 eximendorum
1299 1726 1412 1767 favo·
1427 1724 1483 1766 34

59 1796 153 1822 rum
183 1785 367 1836 primum
392 1785 544 1836 putant
570 1798 658 1825 esse
683 1786 848 1838 tempus
875 1785 1146 1838 vergiliarum
1171 1784 1410 1838 exortu[m]‚

60 1841 288 1882 secundum
325 1844 480 1883 aestate
519 1845 625 1895 acta,
671 1846 894 1897 antequam
935 1846 1049 1884 totus
1084 1846 1295 1884 exoriatur
1326 1859 1410 1885 aro-

175 1953 191 1979 1
218 1948 458 1990 congregatae
484 1947 556 1981 sint
590 1949 845 1992 (congregatae
871 1950 954 1981 sunt
986 1947 1033 1991 V)
1054 1949 1064 1991 ΙΙ
1085 1955 1101 1981 2
1128 1959 1181 1991 sq.
1208 1949 1274 1983 del.
1302 1949 1405 1994 Keill

57 2004 79 2027 a.
102 1993 261 2027 miliario
288 2005 371 2027 cum
396 1994 435 2028 id
461 1996 496 2039 (a
519 1995 683 2029 mellario
710 1995 749 2028 id
781 1995 813 2029 1
818 1997 828 2037 )
858 1996 869 2039 ΙΙ
897 2002 910 2028 7
939 1995 1005 2030 del.
1033 1995 1120 2030 Keil
1148 1997 1150 2040 Ι
1180 1996 1318 2030 eisdem
1343 1998 1406 2031 Ιιι-

56 2041 207 2075 candus.
255 2042 401 2075 easdem
435 2043 439 2085 Ι
471 2044 507 2076 et
536 2042 640 2076 litam
673 2043 764 2084 Pol„
797 2043 921 2076 elitam
953 2054 1076 2087 apogr
1105 2044 1153 2076 (et
1184 2044 1249 2077 del.
1278 2044 1407 2088 Ked)

56 2094 74 2121 8
100 2088 167 2123 del.
195 2100 215 2123 v
240 2089 251 2133 Η
275 2095 294 2122 9
320 2089 386 2124 del
414 2090 502 2124 Κετῑ
534 2094 538 2133 Ι
573 2090 657 2124 add.
686 2091 772 2125 Keil
796 2091 807 2134 ΙΙ
832 2097 867 2123 14
894 2090 978 2124 add
1006 2091 1198 2125 Iuemzdus
1227 2094 1238 2135 ss
1269 2098 1305 2124 16
1331 2102 1406 2125 cor-

56 2136 267 2179 ruptessz'ma
286 2136 372 2171 haee
391 2147 460 2170 esse
480 2137 552 2171 iam
576 2138 756 2172 Victorius
775 2138 953 2172 indicavit
972 2139 982 2181 ΙΙ
1001 2145 1037 2171 18
1065 2149 1116 2181 sq.
1137 2138 1301 2172 alvorum
1324 2150 1406 2172 cum

54 2183 216 2225 remoris,
236 2183 402 2217 favorum
417 2185 512 2219 Keil
537 2185 661 2218 aluum
682 2197 764 2219 cum
782 2185 987 2219 remoreissi
1004 2185 1172 2219 fanorum
1185 2190 1272 2220 nota
1286 2187 1408 2221 mendi

55 2230 224 2273 adposita
246 2231 250 2274 Ι
273 2231 338 2265 del.
373 2231 528 2267 Ursinus
546 2234 556 2275 ΙΙ
576 2239 613 2265 22
639 2243 785 2266 omnem
811 2235 931 2275 (omne
965 2234 1011 2277 V)
1047 2233 1050 2277 Ι
1084 2233 1175 2266 forte
1208 2233 1296 2276 (fore
1328 2234 1372 2277 V)
1394 2234 1404 2279 y

54 2283 92 2356 {a
117 2277 201 2358 hoqi
211 2278 288 2311 eius
316 2279 397 2322 (hoc
421 2279 503 2322 plus
537 2280 584 2323 V)
605 2281 616 2323 ΙΙ
636 2286 672 2313 25
700 2280 904 2323 quodannis
937 2281 948 2324 ΙΙ
979 2287 1017 2313 26
1043 2280 1109 2314 del.
1138 2281 1223 2314 Keil
1242 2282 1253 2324 ΙΙ
1273 2287 1310 2313 28
1336 2281 1402 2315 del.

77 2334 175 2358 ucwn
202 2335 246 2358 us
264 2326 275 2369 Η
