1560 2407
141 64 191 99 IV
687 65 955 101 PRAEFATIO

142 166 304 216 putavi,
344 165 664 216 discrepantiam
695 168 901 217 potiorem
934 167 1100 206 adscivi.
1156 168 1203 206 In
1236 168 1500 208 recensendis

143 229 282 264 autem
315 226 451 264 verbis
484 226 722 276 saepissime
759 239 782 264 a
806 227 942 264 Keilio
971 227 1297 265 dissentiendum
1324 240 1413 266 esse
1438 228 1500 266 in-

140 285 299 323 tellexi:
338 297 431 324 nam
464 286 649 335 quamvis
682 286 796 323 illum
828 287 1034 336 permulta
1069 287 1238 337 egregie
1272 288 1500 326 correxisse

139 344 251 382 nulla
282 345 434 394 pagina
466 357 549 382 non
582 344 747 391 doceat,
786 345 949 395 saepius
987 349 1126 383 tamen
1154 346 1204 384 ad
1230 346 1357 385 libros
1383 346 1500 385 rede-

139 403 294 441 undum
314 415 402 442 esse
424 404 568 454 putavi
587 401 771 442 le'vitatis
793 407 835 442 et
856 405 1163 454 aequabilitatis
1184 405 1322 444 studio
1345 406 1410 444 cui
1428 406 1499 444 ille

138 463 310 501 nimium
341 463 547 501 tribuerat
573 464 736 501 abiecto
764 464 984 514 aliquoties
1012 476 1103 502 cum
1129 464 1218 502 aliis
1244 465 1342 503 viris
1363 464 1498 504 doctis

138 522 306 570 faciens,
345 525 392 560 ut
417 522 569 569 Leone,
606 523 942 570 KVilamowitzio,
974 523 1315 571 Reitzensteinio,
1342 524 1499 573 Ellisio,

138 581 575 629 Nordeno,Schoellio,
587 582 727 632 paucis
743 582 987 632 quibusdam
1001 583 1102 620 locis
1114 595 1225 620 meas
1241 583 1499 622 coniecturas

139 641 356 691 recipiens.
407 640 490 679 Sed
522 653 573 679 ne
605 641 664 679 sic
700 641 865 691 quidem
897 642 1003 680 hanc
1033 642 1228 680 iteratam
1261 642 1499 691 editionem,

140 701 325 750 quamvis
345 713 482 738 meum
501 713 652 739 nomen
674 701 900 750 praescribi
919 701 1088 739 iusserit
1107 701 1347 752 bibliopola,
1372 702 1501 740 Keilii

141 772 230 798 esse
257 759 428 798 desiisse
456 763 679 810 apparatus
708 760 874 798 criticus
902 772 972 798 eos
1000 761 1069 811 qui
1095 763 1267 799 utentur
1286 761 1408 799 facile
1428 761 1500 800 do-

139 820 261 857 cebit.
317 819 677 857 Necessitudinem
713 823 851 858 autem
888 820 1000 858 inter
1037 820 1211 858 alteram
1243 826 1287 859 et
1317 821 1500 871 priorem

140 878 367 917 editionem
392 878 652 917 intercedere
679 891 877 917 summam
904 891 984 929 quo
1010 880 1143 929 magis
1170 883 1408 930 appareret,
1447 880 1498 918 de

138 937 332 976 subsidiis
359 938 513 976 criticis
541 941 584 976 et
610 938 861 977 editionibus
889 951 993 989 quae
1015 939 1175 977 Keilius
1203 940 1396 990 exposuit
1419 939 1499 978 hoc

138 998 230 1036 loco
258 997 309 1035 ad
334 998 508 1035 verbum
532 997 847 1036 transcribenda
873 1010 962 1036 esse
990 998 1140 1036 censui.

76 1063 124 1097 IV
258 1057 490 1107 Archetypi
520 1057 650 1107 igitur
679 1058 885 1108 scriptura
916 1058 1069 1108 partim
1101 1070 1151 1096 ex
1182 1058 1233 1095 iis
1260 1069 1363 1108 quae
1389 1057 1499 1096 Poli-

138 1117 276 1154 tianus
309 1120 352 1155 et
377 1116 587 1155 Victorius
621 1129 670 1155 ex
701 1117 792 1167 ipso
829 1117 934 1155 libro
963 1117 1269 1155 adnotaverunt
1294 1117 1361 1155 vel
1385 1129 1498 1156 rece·
1551 1152 1554 1155 Α

138 1179 307 1227 perunt,
345 1177 499 1226 partim
531 1189 581 1214 ex
613 1176 864 1226 apographis
897 1189 1001 1227 quae
1033 1189 1142 1215 nunc
1173 1179 1397 1227 supersunt
1428 1189 1498 1227 pe-

139 1235 267 1274 tenda
292 1236 384 1273 fuit.

256 1295 508 1333 Politiani
534 1298 773 1346 excerpta
797 1295 994 1345 leguntur
1017 1295 1062 1333 in
1088 1295 1277 1345 exemplo
1298 1295 1496 1346 principis

139 1354 334 1392 editionis
366 1355 617 1405 scriptorum
647 1355 708 1393 rei
739 1355 918 1392 rusticae
952 1367 985 1392 a.
1021 1356 1134 1392 1472
1167 1354 1355 1393 Venetiis
1387 1354 1498 1405 apud

136 1413 354 1452 Nicolaum
378 1414 601 1452 Iensonum
626 1415 868 1464 impressae,
908 1413 1019 1464 quod
1044 1426 1153 1452 nunc
1177 1415 1221 1452 in
1246 1414 1412 1464 publica
1436 1414 1497 1452 bi-

137 1473 349 1512 bliotheca
376 1474 565 1512 Parisina
596 1477 797 1512 servatur.
847 1474 890 1511 in
923 1486 971 1512 eo
1005 1474 1114 1512 enim
1145 1486 1268 1511 manu
1299 1473 1498 1512 Politiani

139 1545 172 1571 a.
202 1534 314 1570 1482
343 1533 765 1583 scripturaecodicis,
799 1534 868 1583 qui
894 1536 994 1571 tunc
1017 1532 1256 1571 Florentiae
1281 1533 1324 1570 in
1349 1532 1497 1571 biblio-

138 1593 259 1631 theca
280 1592 319 1630 S.
336 1593 467 1631 Marci
493 1596 594 1640 erat,
620 1593 679 1631 ita
700 1592 924 1630 adnotatae
944 1596 1052 1641 sunt,
1078 1596 1137 1641 ut,
1157 1591 1356 1642 quidquid
1376 1592 1497 1631 aliter

137 1652 180 1689 in
212 1664 334 1689 manu
366 1653 522 1702 scripto
555 1653 661 1690 libro
698 1656 822 1702 atque
848 1652 890 1689 in
918 1651 1031 1690 edito
1059 1652 1247 1702 exemplo
1273 1652 1496 1701 legeretur,

138 1711 205 1749 vel
230 1712 272 1749 in
298 1712 554 1762 marginibus
579 1712 645 1750 vel
669 1712 780 1750 inter
799 1724 941 1749 versus
963 1711 1157 1749 editionis
1179 1710 1496 1749 adscriberetur.

257 1771 526 1818 Victorius,
566 1772 635 1821 qui
667 1772 755 1821 ipse
789 1783 952 1821 quoque
982 1771 1167 1809 codicem
1191 1774 1298 1819 tum,
1337 1782 1428 1808 cum
1453 1771 1496 1808 in

137 1829 348 1868 Marciana
371 1831 627 1869 bibliotheca
653 1834 754 1878 erat,
780 1830 1007 1880 usurpavit,
1035 1829 1206 1868 Catonis
1233 1833 1276 1868 et
1298 1829 1495 1868 Varronis

138 1889 266 1927 libros
300 1890 350 1928 de
382 1903 427 1928 re
459 1891 614 1928 rustica
646 1902 725 1928 una
752 1902 843 1928 cum
871 1887 1237 1940 ‘explicationibus
1263 1901 1429 1927 suarum
1452 1889 1496 1926 in

140 1947 353 1997 Catonem,
385 1949 625 1997 Varronem,
659 1948 928 1988 Columellam
962 1945 1297 1999 castigationum’
1325 1960 1358 1986 a.
1381 1949 1492 1986 1541

138 2007 333 2058 Lugduni
371 2008 480 2058 apud
506 2009 795 2047 Sebastianum
822 2008 1054 2058 Gryphium
1092 2008 1234 2047 edidit.
1288 2008 1324 2046 is
1356 2010 1496 2045 autem

137 2079 221 2105 non
244 2068 376 2106 solum
398 2067 568 2107 Catonis
589 2072 632 2107 et
653 2068 850 2106 Varronis
875 2068 1015 2115 libros,
1043 2068 1112 2118 qui
1130 2068 1174 2106 in
1194 2067 1495 2117 antiquioribus

139 2126 391 2165 editionibus
427 2128 695 2166 vehementer
733 2128 919 2177 corrupti
955 2128 1214 2174 ferebantur,
1250 2127 1406 2176 primus
1445 2138 1496 2164 ex

137 2189 281 2224 vetere
321 2186 463 2225 codice
503 2187 754 2235 emendavit,
794 2186 867 2225 sed
905 2187 1031 2225 etiam
1067 2187 1111 2224 in
1149 2185 1494 2236 explicationibus

137 2245 338 2283 lectiones
364 2258 488 2284 manu
508 2247 653 2296 scripti
673 2247 768 2284 libri
787 2258 911 2296 saepe
930 2245 1143 2294 indicavit,
1167 2245 1374 2284 nonnullis
1393 2245 1494 2284 locis

140 2305 264 2342 etiam
296 2308 438 2343 notam
470 2305 608 2343 mendi
639 2307 682 2344 in
714 2309 856 2344 vetere
884 2305 1026 2344 codice
1052 2304 1285 2356 adpositam
1311 2317 1400 2343 esse
1426 2303 1496 2342 ad-
