1560 2506
18 759 52 782 10

17 1054 51 1079 15

15 1350 50 1375 20

14 1645 48 1671 25

15 1941 49 1965 30

360 114 528 148 RERVM
552 112 859 148 RVSTICARVM
884 113 969 147 LIB.
989 113 1022 147 Π
1049 117 1138 147 1-2
1375 114 1429 155 77

76 214 112 252 si
141 225 278 265 neque
308 211 472 251 vetulae
504 213 603 250 sunt
632 224 768 263 neque
798 224 934 250 merae
961 224 1103 263 agnae,
1137 210 1250 263 quod
1276 211 1430 250 alterae

76 269 194 324 [iam]
226 270 431 321 nondum,
475 270 627 309 alterae
658 271 743 309 iam
773 283 861 309 non
892 271 1072 322 possunt
1104 269 1201 309 dare
1233 269 1428 310 fructum.

76 329 147 369 sed
190 343 238 369 ea
278 329 427 369 melior
472 331 601 380 aetas,
653 342 779 381 quam
823 330 1011 381 sequitur
1056 342 1166 381 spes,
1212 342 1337 381 quam
1383 343 1429 368 ea

75 402 201 441 quam
248 401 372 428 mors.
454 387 502 427 de
551 387 688 427 forma
731 401 850 427 ovem
900 401 987 427 csse
1039 389 1205 440 oportet
1255 388 1470 440 corpore3

75 448 232 500 amplo,
274 460 379 500 quae
419 447 517 486 lana
559 447 694 486 multa
732 448 787 485 sit
828 448 868 486 et
907 447 1045 498 molli,
1089 447 1202 486 villis
1247 447 1341 486 altis
1389 449 1429 486 et

75 506 211 546 densis
255 507 346 546 toto
392 520 582 559 corpore,
626 507 805 545 maxime
845 507 1000 546 circum
1042 508 1242 545 cervicem
1275 508 1315 545 et
1347 506 1429 546 col-

73 566 172 617 lum,
210 567 399 605 ventrem
430 578 597 618 quoque
628 566 676 604 ut
707 564 859 604 habeat
890 565 1086 617 pilosum.
1148 567 1289 617 itaque
1322 578 1428 618 quae

71 624 115 664 id
153 638 242 664 non
281 623 454 676 habent,
498 626 675 664 maiores
717 626 854 664 nostri
896 626 1033 676 apicas
1074 623 1344 676 appellabant
1382 638 1428 664 ac

71 683 308 723 reiciebant.
389 697 476 723 esse
527 685 694 736 oportet
744 682 933 723 cruribus
984 682 1233 722 humilibus:
1285 682 1425 723 caudis

73 742 289 783 observate
321 744 369 782 ut
402 745 486 782 sint
517 745 563 782 in
593 741 717 782 Italia
748 743 943 795 prolixis,
986 744 1032 782 in
1065 740 1187 795 Syria
1217 741 1425 782 brevibus.

70 803 117 841 in
147 803 293 854 primis
326 801 552 841 videndum
583 803 630 841 ut
662 801 763 841 bom·
797 804 965 841 seminis
999 815 1124 854 pecus
1157 801 1321 841 habeas,
1383 801 1470 841 id4

71 860 156 900 fere
187 874 236 901 ex
269 860 428 900 duabus
461 860 584 900 rebus
617 862 757 913 potest
790 860 1081 912 animadverti,
1126 875 1174 900 ex
1213 860 1348 900 forma
1386 863 1426 900 et

70 922 289 973 progenie:
331 934 381 960 ex
418 920 568 972 forma,
612 922 646 959 si
688 922 835 959 arietes
870 922 954 959 sint
986 920 1124 959 fronte
1156 920 1253 959 lana
1284 922 1426 960 vestiti

70 978 192 1032 bene,
237 981 359 1019 tortis
399 978 595 1019 cornibus
628 981 773 1032 pronis
808 978 859 1018 ad
890 981 1091 1031 rostrum,
1136 981 1245 1018 ravis
1280 979 1424 1030 oculis,

70 1038 168 1078 lana
209 1040 367 1091 opertis
417 1038 604 1090 auribus,
656 1039 802 1091 ampli,
849 1041 1017 1091 pectore
1067 1041 1107 1078 et
1158 1038 1338 1090 scapulis
1385 1041 1425 1078 et

71 1096 264 1137 clunibus
297 1098 411 1149 latis,
457 1097 586 1137 cauda
617 1098 703 1137 lata
735 1099 774 1137 et
806 1098 946 1150 longa.
1010 1097 1425 1137 animadvertendum

70 1170 236 1210 quoque
273 1156 421 1210 lingua
457 1171 509 1197 ne
546 1159 670 1210 nigra
702 1158 774 1196 aut
804 1159 920 1196 varia
952 1159 1021 1208 sit,
1068 1156 1180 1209 quod
1223 1157 1307 1196 fere
1352 1159 1425 1209 qui

70 1215 218 1267 ea<m>
248 1215 404 1255 habent
443 1218 589 1269 nigros
629 1218 701 1255 aut
738 1218 875 1256 varios
914 1218 1136 1269 procreant
1168 1230 1312 1269 agnos.
1375 1230 1424 1255 ex

69 1277 270 1328 progenie
323 1277 462 1314 autem
514 1275 880 1327 animadvertitur,
932 1278 966 1314 si
1017 1289 1149 1328 agnos
1200 1278 1423 1328 procreant

68 1334 288 1374 formosos.
362 1336 407 1374 in
451 1334 734 1387 emptionibus
779 1337 868 1374 iure
913 1336 1072 1374 utimur
1117 1348 1180 1386 eo,
1227 1348 1309 1387 quo
1354 1332 1464 1374 lex5

68 1395 350 1446 praescripsit.
411 1395 457 1433 in
495 1408 541 1433 ea
579 1396 689 1433 enim
728 1394 800 1433 alii
837 1394 977 1446 plura,
1023 1394 1095 1433 alii
1126 1396 1325 1446 pauciora
1357 1407 1422 1433 ex-

70 1454 249 1505 cipiunt:
295 1451 465 1505 quidam
509 1455 620 1493 enim
661 1455 797 1506 pretio
842 1453 952 1493 facto
996 1455 1042 1492 in
1081 1453 1269 1505 singulas
1313 1466 1421 1505 oves,

68 1514 117 1551 ut
161 1514 261 1565 agni
302 1511 416 1552 cordi
458 1511 539 1552 duo
577 1518 672 1565 pro'
692 1526 776 1551 una
808 1526 883 1552 ove
916 1511 1257 1564 adnumerentur,
1303 1514 1342 1551 et
1387 1515 1422 1551 si

69 1573 170 1623 quoi
205 1572 413 1611 vetustate
451 1571 593 1611 dentes
632 1570 801 1622 absunt,
845 1574 947 1611 item
978 1571 1099 1611 binae
1131 1585 1208 1624 pro
1242 1571 1420 1624 singulis

68 1632 116 1669 ut
146 1630 386 1683 procedant.
437 1630 484 1670 de
516 1631 677 1683 reliquo
711 1632 885 1683 antiqua
915 1630 999 1670 fere
1025 1630 1207 1670 formula
1231 1632 1422 1670 utuntur.

70 1703 165 1745 cum
205 1692 369 1742 emptor
407 1689 513 1729 djxit
545 1688 674 1729 ‘tanti
707 1692 806 1729 sunt
837 1692 895 1729 mi
927 1689 1139 1742 emptae'ssst
1187 1691 1226 1729 et
1257 1689 1329 1728 ille
1361 1703 1421 1729 re-

70 1747 241 1801 spondit
273 1747 403 1788 ‘sunt'
430 1751 470 1789 et
499 1751 745 1802 expromisit-
769 1763 977 1800 nummos,
1004 1752 1167 1802 emptor
1194 1749 1421 1801 stipulatur

67 1810 206 1860 prisca
247 1807 430 1848 formula
473 1810 547 1859 sic,
599 1806 757 1847 ‘illasce
802 1821 916 1860 oves,
967 1822 1049 1861 qua
1094 1807 1142 1847 de
1183 1822 1226 1847 re
1268 1806 1461 1860 agitur,6

69 1880 189 1907 sanas
221 1869 331 1907 recte
363 1881 468 1919 esse,
500 1869 564 1906 uti
594 1881 719 1920 pecus
753 1868 945 1919 ovillum,
988 1867 1100 1920 quod
1131 1869 1240 1906 recte
1272 1881 1421 1906 sanum

69 1928 132 1966 est
163 1928 279 1966 extra
302 1926 518 1979 lusca<m>
539 1925 707 1966 surdam
732 1928 900 1978 minam,
932 1926 975 1966 id
1001 1929 1063 1966 est
1089 1928 1233 1966 ventre
1258 1925 1419 1979 glabro,

67 1998 203 2038 neque
244 1984 292 2025 de
332 1999 480 2038 pecore
517 1985 713 2025 morboso
753 1995 840 2025 esse
877 1985 1111 2039 habereque
1142 1988 1253 2025 recte
1285 1986 1419 2038 licere,

186 2117 203 2143 2
238 2111 303 2145 del.
341 2111 426 2146 Keil
456 2113 467 2156 ΙΙ
500 2119 514 2145 7
553 2123 646 2155 quae
680 2123 753 2147 mv.
811 2123 882 2155 quo
909 2114 920 2156 ΙῙ
945 2118 982 2145 10
1017 2112 1211 2146 observant
1239 2113 1325 2147 Keil
1361 2112 1418 2156 (cf.

69 2159 190 2202 79,12)
210 2159 274 2202 1111
301 2170 354 2202 sq.
380 2159 420 2192 id.
444 2159 518 2193 fere
545 2171 588 2193 ex
613 2171 643 2194 v.
701 2160 740 2193 id
765 2159 843 2193 fieri
869 2171 913 2193 ex
939 2160 991 2202 (id
1023 2170 1067 2193 ex
1093 2160 1183 2201 Pol„
1209 2159 1247 2193 id
1273 2159 1351 2193 fieri
1377 2170 1421 2192 ex

69 2207 206 2250 apoyr.)
226 2206 292 2249 1114
317 2207 442 2249 pronis
477 2218 540 2241 mv
600 2207 738 2250 promis
758 2209 824 2251 1115
857 2207 978 2250 amplo
1004 2209 1148 2251 pectore
1183 2207 1336 2242 Ursinus
1359 2208 1362 2250 Ι
1386 2208 1422 2240 et

63 2252 172 2294 prius
197 2252 262 2287 del.
277 2252 472 2288 Schneider
489 2256 501 2298 ΙΙ
520 2261 556 2287 18
577 2255 662 2288 add.
680 2266 701 2289 v
720 2256 730 2297 11
750 2260 790 2287 20
816 2265 888 2297 quo
914 2254 973 2288 lex
1000 2255 1112 2298 (quod
1139 2254 1198 2288 lex
1231 2255 1271 2295 V,
1300 2252 1420 2299 Keil)¹[

68 2304 107 2388 {14
133 2299 191 2332 cui
210 2300 411 2381 lugundus.
450 2312 544 2344 quae
564 2303 574 2345 ΙΙ
594 2308 632 2335 28
658 2302 782 2335 illasce
807 2302 1010 2336 Iucundus.
1048 2302 1206 2344 illasque
1225 2302 1237 2346 fl
1256 2308 1295 2334 30
1319 2301 1422 2334 lusca.

95 2357 221 2379 uscam
289 2348 300 2391 )
321 2350 332 2392 ῃ
