1560 2506
394 56 559 92 RERVM
583 55 888 91 RVSTICARVM
912 56 996 91 LIB.
1017 55 1032 90 I
1052 60 1071 90 2
1356 57 1409 98 15

9 181 14 186 ‹
63 149 349 207 adsumendae,
381 157 428 194 ut
461 157 495 194 si
526 154 652 195 habet
682 155 823 208 plures
850 156 895 194 in
921 153 1051 194 fundo
1078 156 1258 195 textores
1286 157 1409 208 atque

62 216 280 255 institutos
311 213 514 266 1115101135,
547 216 605 254 510
637 213 741 254 31105
775 212 965 253 artifices.

181 271 341 325 Scrofa,
381 271 663 327 Diiungamus
707 275 856 326 igitur,
900 274 1056 325 inquit,
1106 275 1343 326 pastionem
1387 287 1410 313 a

63 332 242 385 cultura,
287 333 327 372 et
365 334 496 385 siquis
537 332 638 386 quid
669 333 761 372 vult
793 331 908 372 aliud
940 330 1100 384 [aliud]
1163 329 1285 372 Anne
1319 346 1408 385 ego,
1423 331 1478 371 22

25 407 40 432 5
60 394 248 445 inquam,
291 405 440 445 sequar
481 389 753 432 Sasernarum
793 393 924 444 patris
967 392 1007 430 01
1043 389 1157 443 1111[1]
1199 391 1329 431 libros
1363 405 1408 431 ac
1465 431 1468 434 .

58 452 192 504 magis
223 452 370 504 putem
399 452 618 504 pertinere,
650 450 835 504 figiljnas
870 464 993 503 quem
1025 449 1076 490 ad
1101 449 1273 490 modum
1299 465 1408 490 exer-

60 511 142 550 ceri
181 511 389 563 oporteat,
432 524 558 563 quam
599 509 928 564 argentifodinas
972 511 1044 549 aut
1088 510 1169 549 alia
1214 508 1271 562 [et
1310 509 1407 562 alia]

57 569 238 622 metalla,
272 583 377 622 quae
410 571 498 610 sine
531 569 658 610 dubio
690 572 736 609 in
768 570 909 622 aliquo
944 582 1043 622 agro
1077 568 1214 609 fiunt?
1260 568 1330 608 sed
1362 572 1408 608 ut
1423 568 1478 607 23

56 641 191 681 neque
236 628 485 681 lapidicinae
525 643 660 682 neque
700 629 942 668 harenariae
981 627 1031 667 ad
1071 630 1160 681 agri
1201 624 1408 668 culturam

7 703 40 729 10
58 689 288 740 pertinent,
332 690 391 728 sic
430 687 629 742 figilinae.
690 702 825 741 neque
865 687 957 727 ideo
995 701 1083 727 non
1113 690 1158 727 in
1191 701 1273 740 quo
1307 701 1407 741 agro

56 745 229 787 idoneae
271 748 452 800 possunt
496 761 583 788 esse
632 761 719 788 non
769 746 1033 799 exercendae,
1084 748 1207 800 atque
1258 761 1306 786 ex
1356 749 1407 786 iis

58 805 248 859 capiendi
279 806 458 847 fructus:
500 809 547 846 ut
580 809 721 858 etiam,
768 809 802 847 si
835 820 933 860 ager
966 805 1193 846 secundum
1226 808 1336 846 viam
1368 808 1407 846 et

59 867 322 918 opportunus
361 865 592 906 viatoribus
626 867 760 919 locus,
806 865 1082 906 aedificandae
1114 864 1310 905 tabernae
1343 865 1407 905 de-

57 927 279 977 vorsoriae,
319 939 424 978 quae
456 927 606 978 tamen,
650 928 839 979 quamvis
874 927 959 965 sint
991 925 1240 977 fructuosae,
1271 924 1406 965 nihilo

5 999 38 1024 15
57 986 192 1037 magis
236 986 334 1025 sunt
381 987 472 1038 agri
515 985 702 1025 culturae
742 987 893 1038 partes.
967 979 1054 1024 11011
1089 986 1217 1036 enim,
1269 984 1407 1037 siquid

56 1045 229 1096 propter
272 1057 421 1097 agrum
465 1046 537 1084 aut
580 1046 704 1084 etiam
744 1046 790 1084 in
832 1057 932 1097 agro
972 1043 1182 1097 profectus
1225 1043 1406 1096 domino,

57 1105 148 1155 agri
193 1103 379 1143 culturae
424 1105 640 1157 acceptum
685 1103 836 1143 referre
881 1102 1018 1154 debet,
1070 1102 1140 1143 sed
1189 1102 1232 1142 id
1281 1102 1405 1143 modo

57 1161 170 1215 quod
202 1176 250 1202 ex
283 1164 444 1203 satione
475 1165 586 1203 terra
612 1164 666 1203 sit
690 1165 838 1202 natum
865 1162 915 1202 ad
941 1162 1175 1202 fruendum.
1222 1160 1407 1215 Suscipit
1421 1161 1479 1201 24

57 1218 194 1274 Stolo,
226 1220 308 1275 Tu,
346 1224 502 1276 inquit,
541 1222 701 1262 invides
742 1224 860 1262 tanto
895 1224 1089 1275 scriptori
1122 1223 1162 1261 et
1194 1221 1407 1275 obstrigil-

3 1295 36 1320 20
55 1279 227 1332 <l>andi
259 1295 383 1321 causa
413 1281 582 1335 figlinas
615 1281 894 1335 reprehendiS,
929 1295 1022 1321 cum
1047 1282 1259 1334 praeclara
1285 1295 1406 1334 quae-

56 1338 167 1393 dam,
207 1354 260 1380 ne
292 1339 452 1393 laudes,
494 1343 819 1394 praetermittas,
853 1354 958 1394 quae
992 1340 1042 1380 ad
1075 1343 1166 1394 agri
1199 1341 1406 1380 culturam

54 1398 320 1439 vehementer
355 1402 605 1453 pertineant.
669 1398 774 1440 Cum
817 1400 1058 1440 subrisisset
1090 1398 1251 1451 Scrofa,
1293 1399 1404 1453 quod
1419 1398 1476 1438 :25

54 1472 142 1498 non
171 1458 396 1512 ignorabat
421 1459 550 1500 libros
578 1462 618 1499 et
645 1459 908 1513 despiciebat,
941 1461 981 1500 01
1002 1457 1206 1512 Agrasius
1235 1473 1275 1499 se
1304 1462 1405 1499 scire

54 1516 179 1558 modo
210 1520 379 1571 putaret
411 1533 457 1559 ac
490 1517 707 1559 Stolonem
738 1521 927 1572 rogasset
960 1520 1007 1558 ut
1039 1518 1208 1570 diceret,
1252 1521 1405 1572 coepit:

2 1591 36 1617 25
57 1574 212 1617 Scribit
250 1580 415 1618 cimices
455 1592 577 1632 quem
620 1578 671 1618 ad
702 1578 874 1618 modum
904 1577 1084 1618 interfici
1117 1580 1308 1631 oporteat
1339 1577 1403 1618 his

55 1635 209 1677 verbis:
237 1636 511 1678 ‘cucumerem
539 1640 770 1691 anguinum
799 1637 966 1678 condito
993 1640 1038 1677 in
1062 1651 1212 1690 aquam
1233 1651 1405 1690 eamque

55 1695 267 1741 infundito
306 1710 389 1750 quo
427 1698 559 1749 voles,
603 1697 713 1737 nulli
751 1696 962 1750 accedent,
1007 1697 1072 1737 vel
1110 1696 1167 1736 fel
1198 1696 1405 1737 bubulum

55 1768 150 1795 cum
181 1757 296 1797 aceto
322 1758 512 1809 mixtum,
545 1759 724 1810 unguito
752 1755 933 1796 lectum'.
984 1754 1227 1796 Fundanius
1256 1758 1405 1809 aspicit
1419 1755 1474 1795 26

56 1812 107 1853 ad
138 1812 336 1868 Scrofam,
369 1814 425 1856 Et
455 1818 596 1856 tamen
627 1830 772 1855 verum
804 1815 915 1868 dicit,
947 1817 1098 1869 inquit,
1130 1815 1208 1868 hic,
1248 1818 1294 1855 ut
1326 1815 1404 1856 hoc

3 1888 36 1913 30
57 1875 268 1927 scripserit
293 1876 339 1914 in
364 1877 455 1929 agri
482 1875 656 1915 cultura.
699 1873 788 1928 Ille,
815 1874 919 1915 Tam
943 1874 1135 1927 <11>01010
1163 1889 1288 1928 quam
1313 1875 1404 1927 hoc,

55 1934 216 1986 siquem
247 1933 442 1987 glabrum
469 1934 601 1975 facere
627 1934 742 1987 velis,
776 1934 887 1988 quod
912 1933 1029 1974 iubet
1054 1948 1199 1974 ranam
1224 1934 1403 1974 luridam

173 2066 188 2093 7
210 2061 352 2105 argenti
371 2061 514 2095 fodinas
537 2063 541 2106 Ι
564 2063 627 2096 3111
640 2061 713 2096 3113
727 2062 776 2106 [01
795 2061 879 2106 3113]
894 2061 1042 2096 metalla
1056 2073 1085 2096 v.
1115 2065 1178 2095 aut
1191 2061 1266 2096 alia
1280 2064 1315 2095 et
1330 2061 1404 2096 alia

55 2108 91 2140 et
109 2107 182 2142 alia
200 2109 211 2152 ΙΙ
229 2114 248 2141 ⁹
270 2108 455 2143 arenariae
476 2109 699 2153 (harenariae
719 2109 931 2154 apographa
944 2110 1154 2154 recentiora)
1175 2111 1186 2153 ΙΙ
1205 2116 1238 2143 11
1256 2109 1331 2143 exis
1347 2110 1403 2153 (ex

54 2153 101 2187 iis
134 2155 181 2200 V)
201 2157 267 2200 1113
293 2158 492 2199 oportunus
526 2158 765 2201 (opportunus
809 2157 855 2201 V)
879 2158 883 2195 Ι
907 2156 1130 2190 diuersoriae
1158 2156 1401 2201 (deuorsoriae

54 2201 128 2235 cod.
166 2203 268 2247 Par.)
288 2205 300 2247 ΙΙ
318 2209 354 2236 18
381 2214 424 2237 ex
456 2203 647 2239 Victorius.
690 2215 757 2238 nec
783 2205 896 2248 (quod
922 2215 965 2238 ex
990 2208 1086 2238 terra
1111 2204 1249 2238 satione
1274 2206 1401 2237 natum

53 2247 258 2295 Schneider)
289 2252 301 2295 ΙΙ
330 2257 367 2284 1⁹
405 2250 662 2296 obstrigilandi
700 2251 984 2296 (obstrigillandi
1022 2252 1097 2286 cod.
1125 2252 1213 2286 Par.
1247 2256 1278 2286 et
1315 2263 1401 2295 apo-

53 2296 194 2340 9rapha
219 2298 400 2332 ‘nonnulla
424 2300 635 2344 recentiora)
655 2300 666 2343 ΙΙ
