1555 2527
110 92 129 132 1
140 90 192 132 18
664 89 904 125 VARRONIS

105 192 151 230 in
182 189 349 229 alvariis
383 203 489 242 opus
522 189 710 229 faciunt?
761 190 801 228 et
826 203 930 228 num
961 189 1094 242 pluris
1122 190 1169 229 tu
1198 202 1219 229 e
1244 188 1348 228 villa
1371 188 1461 229 illic

104 250 226 290 natos
259 263 395 289 verres
428 249 542 289 lanio
574 248 737 300 vendis,
775 261 902 301 quam
933 248 1031 288 hinc
1064 262 1186 301 apros
1219 248 1459 289 macellario

36 307 90 349 12
106 306 255 349 Seius‘?
290 307 371 356 Qui
402 310 542 347 minus
575 321 665 360 ego,
698 309 837 360 inquit
869 305 1016 360 Axius,
1048 310 1149 347 istas
1183 307 1334 348 habere
1366 321 1462 360 pos-

104 381 199 407 sum
241 370 287 407 in
324 366 503 407 Reatina
545 367 675 406 villa?
736 369 820 407 nisi
862 368 897 406 si
938 366 1049 419 apud
1090 365 1233 408 Seium
1271 364 1462 407 Siculum

103 426 153 466 fit
183 427 283 479 mel,
326 425 544 467 Corsicum
574 428 620 466 in
651 424 848 479 Reatin03
888 427 928 466 et
960 425 1027 466 hic
1059 440 1208 479 aprum
1239 426 1332 479 glas
1365 439 1462 466 011111
1498 440 1514 466 ⁶

103 487 240 539 pascit
280 488 493 538 empticia,
536 485 638 525 facit
677 487 897 538 pinguem,
942 486 1030 526 11110
1070 487 1258 539 gratuita
1298 486 1460 526 exilem,

103 543 288 598 Appius,
326 544 455 585 Posse
499 544 551 584 ad
593 546 634 584 te
677 544 784 596 fieri,
828 546 984 598 inquit,
1031 543 1200 585 Seianas
1245 546 1460 598 pastiones

34 603 89 645 13
102 618 191 645 non
233 606 405 657 negavit
447 602 631 656 Merula3
683 617 760 657 ego
803 618 892 644 non
935 618 1023 644 esse
1072 606 1162 657 ipse
1206 603 1303 644 vidi.
1377 603 1460 645 duo

103 666 217 704 enim
259 677 413 717 genera
457 677 551 703 cum
596 664 681 703 sint
717 664 977 716 pastionum,
1021 678 1154 703 unum
1191 665 1371 717 agreste,
1415 665 1462 704 in

103 736 186 776 quo
218 725 438 775 pecuariae
470 724 585 774 sunt,
630 722 809 762 alterum
846 722 1097 775 villaticum,
1141 725 1187 763 in
1230 736 1312 776 quo
1360 724 1460 765 sunt
1479 737 1514 763 ιο

101 782 286 836 gallinae
327 795 373 822 ac
411 781 629 822 columbae
668 783 708 822 et
745 796 843 835 apes
877 783 917 822 et
949 784 1100 835 cetera,
1146 795 1251 835 quae
1282 785 1328 822 in
1359 782 1462 822 villa

102 841 240 882 solent
284 843 418 894 pasci,
463 840 512 881 de
556 840 708 894 quibus
754 843 794 881 et
831 839 997 882 Poenus
1035 840 1163 895 Mago
1208 843 1249 881 et
1290 839 1459 882 Cassius

101 898 333 953 Dionysius
368 901 408 940 et
440 901 512 940 3111
544 899 804 954 quaed<am>
830 902 1055 953 separatim
1086 915 1133 940 30
1165 900 1387 954 dispersim
1415 903 1462 941 in

102 959 221 999 libris
267 960 545 1013 reliquerunt,
589 973 695 1013 quae
727 958 846 1001 Seius
886 961 1040 1014 legisse
1080 959 1246 1000 videtur
1286 961 1327 1000 et
1365 959 1459 1000 ideo

101 1033 150 1059 ex
188 1021 240 1059 iis
276 1019 543 1072 pastionibus
577 1033 625 1059 ex
656 1034 742 1060 una
772 1020 875 1059 villa
905 1021 1075 1060 maioris
1108 1019 1269 1059 fructus
1303 1033 1460 1072 capere,
1481 1033 1539 1059 15.

32 1077 88 1119 14
102 1092 229 1132 quam
272 1079 345 1118 alii
388 1078 550 1119 faciunt
588 1093 637 1119 ex
668 1080 759 1120 toto
792 1078 936 1119 fundo.
1014 1077 1150 1131 Certe,
1194 1080 1335 1131 inquit
1379 1077 1462 1119 Me-

100 1138 210 1178 rula:
242 1152 341 1178 nam
372 1137 432 1178 ibi
463 1138 550 1178 vidi
575 1152 723 1192 greges
750 1152 927 1192 magnos
955 1152 1161 1191 anserum,
1193 1138 1460 1191 gallinarum,

101 1197 409 1250 columbarum,
448 1211 620 1251 gruum,
658 1212 889 1251 pavonum,
927 1211 1003 1238 nec
1034 1211 1122 1238 non
1153 1198 1344 1251 glirium,
1378 1199 1461 1250 pis-

103 1259 231 1309 cium,
277 1271 492 1310 aprorum,
539 1259 696 1297 ceterae
739 1259 987 1298 venationis
1050 1271 1099 1297 ex
1144 1256 1296 1310 quibus
1336 1256 1460 1297 rebus

101 1316 239 1357 scriba
269 1316 484 1368 librarius,
522 1316 697 1357 libertus
731 1319 837 1369 eius,
871 1319 943 1370 qui
975 1318 1174 1369 apparuit
1206 1315 1388 1357 Varroni
1420 1317 1462 1356 et
1481 1329 1515 1355 20

100 1390 165 1416 me
203 1375 375 1416 absente
412 1378 592 1429 patrono
624 1376 810 1429 hospitio
845 1375 1091 1429 accipiebat,
1134 1378 1181 1416 in
1212 1389 1344 1416 annos
1379 1377 1461 1416 sin-

99 1435 224 1489 gulos
265 1436 362 1488 plus
405 1437 704 1489 quinquagena
743 1436 863 1475 milia
904 1450 924 1475 e
966 1435 1068 1475 villa
1107 1449 1252 1488 capere
1284 1434 1460 1476 dicebat.

100 1492 211 1536 Axio
244 1494 485 1547 admiranti,
519 1493 640 1536 Certe
669 1497 802 1548 nosti,
839 1497 1030 1548 inquam,
1068 1496 1315 1535 materterae
1346 1508 1463 1534 meae

100 1553 295 1606 fundum,
346 1556 391 1594 in
436 1552 603 1594 Sabinis
648 1557 722 1608 qui
767 1555 830 1594 est
873 1554 925 1594 ad
974 1556 1172 1607 quartum
1214 1555 1460 1594 vicesimum

31 1609 284 1666 15lapidem
327 1615 395 1653 via
440 1612 601 1654 Salaria
645 1628 668 1654 a
710 1613 857 1654 Roma.
928 1612 1113 1661 Quidni?
1183 1615 1341 1666 inquit,
1385 1612 1460 1653 ubi
1479 1625 1514 1651 25

101 1674 258 1712 aestate
303 1672 412 1712 diem
454 1673 626 1713 meridie
671 1672 855 1713 dividere
894 1673 1066 1725 soleam,
1112 1686 1207 1713 cum
1245 1686 1292 1713 eo
1330 1670 1462 1712 Reate

101 1746 151 1773 ex
194 1731 297 1772 urbe
341 1734 430 1784 aut,
475 1747 571 1786 cum
612 1732 710 1773 inde
753 1735 874 1773 venio
924 1732 1076 1784 hieme,
1126 1733 1256 1772 noctu
1305 1745 1461 1784 ponere

101 1792 248 1832 castra.
311 1789 452 1845 Atque
494 1794 541 1832 111
583 1791 662 1832 hac
705 1793 806 1832 villa
844 1793 917 1844 qui
955 1793 1017 1832 est
1058 1790 1276 1843 ornithon,
1321 1805 1371 1831 ex
1412 1804 1460 1831 eo

100 1864 186 1891 uno
237 1852 423 1903 quinque
472 1852 590 1891 milia
643 1853 727 1892 scio
784 1853 947 1891 venisse
1002 1850 1224 1891 turdorum
1279 1849 1459 1890 denariis

101 1911 249 1962 ternis,
294 1911 341 1949 ut
380 1912 598 1964 sexaginta
634 1911 753 1951 milia
791 1925 837 1951 ea
873 1924 970 1963 pars
1012 1909 1236 1950 reddiderit
1268 1923 1315 1950 eo
1348 1923 1459 1950 anno
1479 1922 1516 1949 so

100 1969 238 2021 villae,
269 1968 333 2008 bis
363 1970 531 2009 tantum
556 1983 683 2022 quam
707 1972 806 2010 tuus
833 1969 988 2010 fundus
1016 1969 1242 2009 ducentum
1266 1971 1462 2022 iugerum

100 2027 231 2068 Reate
275 2027 422 2068 reddit.
491 2028 630 2076 Quid?
687 2031 922 2083 sexaginta,
965 2030 1106 2082 inquit
1149 2025 1302 2080 Axius,
1347 2041 1460 2068 sexa-

32 2083 86 2126 16
100 2089 232 2141 ginta,
265 2088 511 2140 sexaginta?
545 2087 716 2129 derides.
780 2087 1025 2142 Sexaginta,
1056 2090 1242 2141 inquam.
1305 2085 1377 2127 sed
1408 2085 1461 2126 ad

220 2197 235 2223 1
255 2202 345 2224 num
363 2203 394 2225 v.
427 2202 524 2224 nunc
545 2191 550 2236 Ι
573 2194 612 2225 tu
633 2203 652 2226 e
672 2192 762 2226 villa
776 2192 980 2227 Iuezmclus.
999 2192 1064 2225 tua
1081 2190 1174 2225 uilla
1191 2191 1202 2235 ΙΙ
1222 2197 1240 2223 2
1260 2201 1314 2233 sq.
1328 2189 1460 2224 maeel-

100 2237 193 2272 lario
215 2237 318 2272 Seius
344 2238 542 2273 Turnebus.
580 2239 807 2273 macellarios
834 2239 912 2274 eius
932 2240 999 2283 1113
1023 2238 1205 2282 quaedam
1226 2238 1321 2272 Keil.
1360 2237 1461 2281 quod

103 2287 265 2329 (quoque
291 2286 403 2329 Ellis)
423 2287 489 2329 1114
516 2297 612 2329 quae
638 2287 733 2322 Keil,
786 2297 876 2330 quas
897 2289 965 2331 [116
991 2285 1124 2330 inquid
1153 2286 1165 2330 u
1192 2291 1229 2318 1⁹
1255 2284 1460 2319 venationis

102 2333 302 2368 Iucundus.
353 2333 566 2368 uenationes
586 2335 597 2377 ΙΙ
