1560 2506
349 76 515 111 RERVM
539 76 842 111 RVSTICARVM
868 76 952 110 LIB.
973 76 987 109 Ι
1010 80 1051 110 10
1065 80 1146 111 —13
1363 77 1416 118 27

50 179 52 181 ’
76 174 150 215 ubi
180 176 391 229 pastiones
425 176 510 215 sint
541 174 669 226 laxae,
700 175 801 214 item
826 175 874 213 ut
900 176 1045 214 contra
1070 176 1228 227 ventos,
1261 177 1332 228 qui
1360 189 1419 215 sa-

42 427 57 453 5

25 723 58 749 10

26 1019 57 1045 15

25 1318 59 1343 20

27 1613 60 1639 25

28 1911 62 1936 30

76 233 291 274 luberrimi
322 236 367 274 in
399 247 500 286 agro
535 232 708 274 flabunt.
771 247 876 287 quae
907 235 1047 286 posita
1078 235 1140 274 est
1171 233 1223 273 ad
1254 236 1418 274 exortos

77 293 418 347 aequinoctiales,
457 294 692 346 aptissima,
731 292 843 345 quod
876 294 1030 332 aestate
1062 291 1187 333 habet
1218 293 1419 345 umbram,

76 352 210 394 hieme
242 353 382 393 solem.
445 354 511 392 sin
548 365 696 405 cogare
735 351 962 392 secundum
1002 351 1158 392 fiumen
1195 352 1420 404 aedificare,

77 410 306 452 curandum
347 425 400 451 ne
444 410 662 451 adversum
705 424 795 451 eam
832 425 983 464 ponas:
1026 411 1160 451 hieme
1202 413 1312 452 enim
1349 411 1421 451 fiet

75 470 339 511 vehementer
378 470 532 524 frigida
569 472 610 510 et
647 472 801 510 aestate
838 484 925 511 non
964 470 1154 511 salubris.
1225 469 1460 523 a<d>ver-2

76 529 249 570 tendum
289 531 431 582 etiam,
473 532 593 583 siqua
633 531 755 570 erunt
792 530 884 570 loca
915 530 1136 583 palustria,
1178 531 1219 570 et
1249 532 1421 584 propter

77 588 240 630 easdem
281 603 442 641 causas,
487 590 528 628 et
568 588 680 642 quod
722 588 947 642 [arescunt]
991 591 1181 629 crescunt
1225 590 1422 629 animalia

77 647 279 702 quaedam
326 650 506 700 minuta,
557 662 661 701 quae
706 662 794 689 non
833 650 1013 701 possunt
1056 649 1166 689 oculi
1211 651 1420 702 consequi,

78 709 118 748 et
148 722 222 761 per
254 721 348 748 aera
377 709 491 748 intus
524 709 569 747 in
601 721 750 761 corpus
784 722 857 760 per
883 721 927 748 os
956 721 1001 747 ac
1026 722 1146 747 nares
1172 710 1422 761 perveniunt

78 769 201 821 atque
233 766 422 807 efficiunt
453 766 636 807 difficilis
669 766 850 808 morbos,
900 765 1155 819 Fundanius,
1190 766 1299 815 Quid
1331 769 1422 821 pot-

77 840 164 879 ero,
208 827 365 880 inquit,
409 826 558 878 facere,
604 828 638 866 si
674 828 797 866 istius
835 825 949 866 modi
989 829 1047 866 mi
1078 826 1233 867 fundus
1265 826 1422 867 heredi-

77 887 155 926 tati
196 885 428 938 obvenerit,
473 899 555 939 quo
596 887 735 925 minus
777 886 1018 939 pestilentia
1058 886 1234 926 noceat?
1308 885 1423 926 Istuc

78 946 144 985 vel
193 959 270 998 ego
315 959 488 998 possum
531 945 795 998 respondere,
846 946 985 998 inquit
1029 943 1205 998 Agrius:
1256 945 1422 997 vendas,

79 1006 183 1058 quot
225 1003 387 1044 assibus
431 1005 585 1057 possis,
631 1006 703 1044 aut
747 1006 781 1044 si
826 1018 1023 1057 nequeas,
1068 1005 1292 1058 relinquas.
1365 1003 1463 1044 At3

80 1063 240 1115 Scrofa,
283 1062 530 1115 Vitandum,
580 1065 736 1117 inquit,
785 1078 837 1103 ne
886 1066 931 1103 in
974 1078 1041 1104 eas
1083 1065 1220 1117 partes
1267 1066 1424 1117 spectet

78 1123 195 1176 villa,
241 1137 262 1163 e
303 1122 455 1176 quibus
496 1124 644 1163 ventus
686 1125 854 1176 gravior
900 1122 972 1175 [ex
1011 1125 1063 1163 iis
1107 1122 1321 1176 partibus]
1367 1123 1423 1163 af-

78 1181 177 1222 flare
221 1182 369 1234 soleat,
416 1196 518 1222 neve
561 1184 607 1222 in
651 1182 831 1222 convalli
876 1196 975 1222 cava
1018 1184 1059 1222 et
1103 1184 1150 1222 ut
1194 1184 1335 1235 potius
1379 1185 1424 1222 in

80 1241 250 1282 sublimi
290 1242 382 1282 loco
422 1241 627 1293 aedifices,
673 1244 745 1295 qui
784 1241 895 1295 quod
933 1241 1150 1295 perflatur,
1192 1241 1330 1295 siquid
1362 1243 1425 1281 est

79 1300 192 1355 quod
229 1300 511 1341 adversarium
546 1301 767 1353 inferatur,
812 1301 975 1341 facilius
1015 1300 1248 1341 discutitur.
1310 1315 1425 1355 prae-

79 1362 191 1401 terea
231 1359 343 1414 quod
384 1374 407 1400 a
447 1360 534 1400 sole
571 1361 661 1400 toto
703 1360 767 1400 die
805 1361 1059 1412 illustratur,
1101 1359 1308 1401 salubrior
1351 1362 1424 1413 est,

80 1419 192 1473 quod
230 1421 270 1459 et
308 1419 527 1471 bestiolae,
572 1421 714 1473 siquae
746 1434 877 1473 prope
907 1421 1138 1460 nascuntur
1170 1421 1210 1459 et
1241 1420 1424 1459 inferun-

80 1481 166 1532 tur,
213 1480 286 1519 aut
329 1477 525 1519 efflantur
562 1481 634 1518 aut
678 1478 884 1519 aritudine
923 1481 1005 1519 cito
1043 1480 1231 1532 pereunt.
1292 1478 1466 1519 nimbi—l

80 1540 287 1592 repentini
337 1552 383 1578 ac
433 1539 637 1578 torrentes
682 1537 800 1578 fluvii
843 1539 1068 1591 periculosi
1109 1539 1194 1578 illis
1205 1570 1214 1590 ,
1265 1541 1336 1591 qui
1381 1541 1425 1578 in

79 1597 309 1638 humilibus
354 1612 400 1638 ac
444 1600 553 1637 cavis
599 1598 703 1638 locis
749 1597 935 1637 aedificia
977 1597 1149 1650 habent,
1200 1598 1240 1637 et
1283 1611 1425 1650 repen-

79 1659 191 1697 tinae
222 1656 481 1710 pracdonum
510 1671 659 1696 manus
693 1656 805 1710 quod
835 1655 1122 1710 improviso[s]
1156 1657 1320 1696 facilius
1355 1671 1425 1710 op-

80 1718 257 1770 primere
297 1718 492 1770 possunt,
537 1715 588 1756 ab
625 1715 702 1756 hac
740 1718 916 1769 utraque
954 1715 1054 1768 (re)
1089 1718 1304 1770 superiora
1335 1716 1427 1756 loca

79 1777 248 1817 tutiora.

198 1833 249 1875 In
285 1835 387 1874 villa
424 1834 613 1874 facienda
651 1833 817 1874 stabula
847 1836 923 1887 ita,
967 1836 1015 1874 ut
1044 1834 1207 1875 bubilia
1239 1836 1324 1874 sint
1354 1833 1424 1886 ibi,
1439 1843 1519 1876 XIII

81 1894 215 1935 hieme
253 1908 358 1948 quae
395 1895 561 1947 possint
599 1908 687 1934 esse
719 1894 912 1934 caldiora.
974 1894 1152 1946 fructus,
1196 1895 1244 1933 ut
1276 1894 1338 1933 est
1369 1895 1426 1933 vi-

81 1968 184 1994 num
227 1955 267 1993 et
310 1954 466 2005 oleum,
508 1953 599 1993 loco
644 1953 771 2006 plano
805 1955 860 1995 ,in
899 1954 1032 2006 cellis,
1070 1955 1170 1993 item
1209 1951 1290 2005 [ut]
1328 1966 1427 1992 vasa

82 2015 242 2053 vinaria
292 2014 332 2052 et
381 2012 536 2053 olearia
577 2014 719 2065 potius
764 2012 1016 2053 faciendum:
1067 2012 1225 2064 aridus,
1275 2013 1322 2051 ut
1365 2013 1427 2051 est

199 2135 215 2161 1
241 2128 329 2162 item
349 2127 444 2162 Keil.
478 2127 530 2161 ita
546 2128 558 2170 ΙΙ
577 2133 594 2160 5
615 2128 805 2162 adversam
825 2128 912 2162 Keil
934 2128 937 2170 Ι
961 2138 1041 2161 eam
1067 2127 1280 2163 Pontedera.
1320 2128 1426 2170 euml!

84 2183 102 2209 6
127 2176 390 2210 ειᾶαθιτθῐιᾶιιῑη
414 2186 459 2209 m.
511 2175 874 2209 animadvertendum
899 2175 986 2209 Keil
1016 2176 1027 2219 ΙΙ
1058 2181 1075 2208 8
1113 2175 1179 2209 del.
1217 2174 1398 2217 Zahlfeldt
1416 2174 1426 2219 l}

83 2230 119 2256 1ss
144 2223 183 2256 in
208 2234 268 2257 eas
292 2223 413 2266 partes
440 2222 640 2257 Iucundus.
686 2222 723 2256 in
750 2234 830 2256 eam
854 2224 996 2266 partem
1021 2222 1080 2266 (cf.
1103 2224 1161 2264 17)
1180 2222 1192 2266 ss
1211 2228 1245 2255 17
1273 2222 1338 2256 del.
1363 2221 1424 2255 Iu-

84 2271 224 2305 cundus
253 2271 265 2314 ΙΙ
295 2277 330 2303 19
357 2269 481 2312 siquid
508 2269 602 2303 Keil.
655 2270 787 2313 siquod
806 2271 817 2314 ΙΙ
837 2277 872 2303 21
898 2270 943 2304 ab
971 2270 1045 2304 sole
1079 2270 1113 2303 V
1137 2271 1149 2314 ΙΙ
1177 2276 1214 2302 22
1241 2269 1339 2312 quod
1359 2269 1424 2302 del.

85 2318 171 2352 Keil
188 2318 200 2363 ΙΙ
219 2324 257 2351 26
282 2317 349 2352 del.
370 2316 457 2350 Keil
473 2317 486 2362 u
505 2323 540 2349 27
568 2317 652 2351 add.
675 2317 761 2352 Keil
779 2319 790 2362 ΙΙ
809 2323 845 2350 81
871 2318 936 2351 del.
963 2317 1050 2352 Keil
1067 2318 1087 2361 ΙΙ’
