1555 2527
71 72 95 113 g
621 70 862 105 VARRONIS

30 169 183 210 5sunt.
245 172 446 223 primum,
492 171 563 223 qui
603 172 738 209 omnis
778 169 936 209 fructos
971 172 1060 223 agri
1094 170 1281 210 culturae
1313 169 1426 210 caelo

72 231 112 269 et
144 231 255 270 terra
287 230 516 281 continent,
549 228 690 269 Iovem
723 231 763 269 et
794 228 1022 269 Tellurem:
1061 231 1214 283 itaque,
1253 228 1366 282 quod
1396 230 1427 269 ii

70 290 283 342 parenteS,
333 290 477 341 magni
523 287 736 340 dicuntur,
781 287 973 342 Iuppiter
1016 291 1135 342 pater
1179 289 1427 342 appellatur,

71 347 214 388 Tellus
247 350 358 388 terra
389 349 532 388 mater.
586 347 766 388 secundo
795 346 935 388 Solem
969 350 1009 388 et
1040 347 1214 401 Lunam,
1248 361 1425 402 quorum

70 410 261 461 tempora
305 407 598 459 observantur,
645 421 737 447 cum
777 406 981 460 quaedam
1019 409 1215 448 seruntur
1253 409 1294 448 et
1332 421 1424 448 con·
1463 421 1478 448 5

72 466 239 507 duntur.
289 469 413 507 tertio
436 464 626 507 Cererem
654 468 694 507 et
714 465 922 519 Liberum,
951 466 1063 520 quod
1088 466 1239 508 horum
1265 467 1424 507 fructus

70 529 250 567 maxime
292 528 499 566 necessari
544 525 595 566 ad
639 527 814 566 victum:
865 525 915 566 ab
959 525 1024 566 his
1071 528 1180 566 enim
1225 525 1341 567 cibus
1386 527 1427 567 et

31 585 189 640 sspotio
223 587 338 626 venit
371 600 390 625 e
422 585 566 625 fundo.
623 587 772 638 quarto
806 584 1021 639 Robigum
1053 599 1099 626 ac
1125 584 1305 638 Floram,
1338 588 1426 639 qui-

70 645 148 686 bus
199 647 395 699 propitiis
445 659 581 698 neque
631 643 780 698 robigo
831 645 1042 686 frumenta
1085 646 1209 699 atque
1259 644 1425 686 arbores

72 707 321 759 corrumpit,
365 718 501 758 neque
538 718 627 744 non
663 706 911 757 tempestive
942 703 1105 745 florent.
1172 706 1314 758 itaque
1351 719 1426 758 pu·
1447 720 1480 745 ιο

71 764 179 805 blice
210 763 379 818 Robigo
412 764 538 804 feriae
570 762 813 817 Robigalia,
854 762 1004 804 Florae
1036 763 1125 804 ludi
1157 762 1342 804 Floralia
1365 765 1427 804 in-

73 825 223 865 stituti.
285 825 387 864 item
419 822 646 863 adveneror
676 821 910 863 Minervam
943 825 983 863 et
1001 821 1217 876 Venerem,
1250 837 1428 877 quarum

72 885 198 924 unius
242 885 483 936 procuratio
526 883 687 935 oliveti,
733 883 904 923 alterius
945 882 1183 935 hortorum3
1228 897 1310 937 quo
1354 896 1427 923 no-

71 945 184 984 mine
221 944 379 983 rustica
410 941 580 982 Vinalia
615 944 824 982 instituta.
886 956 962 983 nec
999 956 1086 983 non
1125 944 1251 982 etiam
1281 956 1428 997 precor

72 1001 309 1056 Lympham
360 1016 406 1042 ac
448 1001 617 1042 Bonum
660 1000 889 1054 Eventum,
941 1004 1141 1056 quoniam
1187 1004 1276 1043 sine
1320 1015 1429 1056 aqua
1448 1016 1481 1042 15

74 1064 209 1103 omnis
250 1061 366 1102 arida
403 1075 450 1101 ac
486 1063 639 1101 misera
678 1063 768 1115 agri
808 1062 988 1114 cultura,
1035 1063 1123 1102 sine
1156 1075 1348 1102 successu
1382 1075 1429 1101 ac

33 1121 184 1162 7bono
231 1122 382 1161 eventu
427 1121 644 1161 frustratio
679 1123 757 1174 est,
807 1135 895 1162 non
939 1121 1115 1162 cultura.
1193 1123 1245 1161 iis
1295 1122 1429 1175 igitur

74 1181 159 1221 deis
201 1180 252 1220 ad
293 1182 604 1221 venerationem
646 1180 856 1221 advocatis
892 1195 970 1235 ego
1008 1181 1184 1221 referam
1217 1194 1426 1221 sermones

74 1255 142 1281 eos
183 1254 287 1294 quos
328 1239 377 1280 de
415 1242 506 1295 agri
545 1240 710 1280 cultura
740 1240 964 1280 habuimus
996 1254 1147 1294 nuper,
1193 1254 1242 1280 ex
1263 1239 1427 1308 quibus

74 1299 175 1354 quid
206 1302 247 1340 te
278 1300 413 1340 facere
445 1302 638 1353 oporteat
670 1299 997 1340 animadvertere
1028 1301 1198 1354 poteris.
1259 1301 1305 1340 in
1334 1301 1427 1353 quis
1448 1314 1483 1339 20

74 1374 179 1414 quae
204 1374 291 1401 non
316 1361 487 1400 inerunt
513 1361 553 1399 et
574 1373 757 1428 quaeres,
783 1359 977 1400 indicabo
1000 1373 1023 1399 a
1043 1359 1195 1413 quibus
1218 1360 1428 1413 scriptori-

72 1419 150 1459 bus
183 1417 404 1473 repe[r]tas
437 1421 478 1460 et
508 1421 668 1473 graecis
702 1421 742 1459 et
772 1421 941 1460 nostris.

192 1477 274 1527 Qui
309 1492 455 1533 graece
488 1480 746 1532 scripserunt
785 1478 1007 1532 dispersim
1039 1478 1146 1518 alius
1179 1477 1228 1518 de
1260 1478 1344 1518 alia
1373 1491 1428 1531 re,

33 1538 174 1579 8sunt
210 1539 319 1592 plus·
346 1540 668 1592 quinquaginta.
729 1538 774 1579 hi
813 1540 930 1590 sunt,
969 1552 1074 1591 quos
1113 1539 1160 1577 tu
1197 1536 1350 1578 habere
1383 1539 1428 1578 in

75 1598 251 1638 consilio
283 1600 460 1652 poteris,
496 1612 591 1638 cum
624 1597 725 1652 quid
758 1598 975 1638 consulere
1006 1598 1139 1649 voles,
1172 1596 1335 1638 Hieron
1367 1594 1428 1637 Si·
1448 1611 1481 1637 25

74 1658 192 1698 culus
239 1659 279 1697 et
323 1655 494 1697 Attalus
539 1656 818 1698 Philometor:
870 1657 919 1697 de
967 1655 1234 1710 philosophis
1277 1654 1428 1697 Demo-

75 1719 202 1757 critus
247 1716 466 1771 physicus,
513 1716 751 1771 Xenophon
796 1715 1050 1769 Socraticus,
1093 1713 1343 1756 Aristoteles
1388 1717 1429 1756 et

74 1775 390 1830 Theophrastus
422 1778 704 1830 peripatetici,
737 1774 946 1830 Archytas
979 1775 1290 1829 Pythagoreus:
1326 1776 1428 1815 item

74 1834 383 1890 Amphilochus
417 1835 708 1890 Atheniensis,
746 1834 997 1889 Anaxipolis
1030 1834 1222 1886 Thasius,
1253 1833 1429 1888 Apollo-

76 1895 201 1936 dorus
235 1894 452 1948 Lemnius,
485 1894 792 1949 Aristophanes
824 1894 1037 1947 Mallotes,
1073 1892 1318 1948 Antigonus
1351 1892 1429 1948 Cy·
1448 1909 1483 1934 30

74 1969 234 2007 maeus,
297 1953 552 2008 Agathocles
611 1953 758 2007 Chius,
821 1952 1076 2008 Apollonius
1133 1952 1429 2007 Pergamenus,

75 2012 346 2054 Aristandros
387 2013 676 2066 Atheniensis,
719 2013 924 2055 Bacchius
962 2011 1170 2066 Milesius,
1214 2012 1324 2054 Bion
1357 2011 1429 2054 So-

75 2074 182 2125 leus,
229 2071 499 2114 Chaeresteus
544 2076 585 2115 et
630 2072 832 2115 Chaereas
876 2071 1173 2126 Athenienses,
1216 2071 1428 2114 Diodorus

195 2232 213 2258 2
240 2225 339 2268 quod
359 2225 386 2258 ii
407 2225 520 2268 (quod
539 2225 579 2259 hi
605 2225 646 2268 V,
667 2225 767 2269 quod
785 2225 814 2258 ii
841 2225 929 2260 Vict.
945 2228 977 2259 et
991 2224 1158 2269 plurima
1177 2223 1402 2268 apoqrapha)
1417 2223 1429 2268 ΙΙ

76 2279 95 2306 9
116 2273 235 2316 adque
255 2274 266 2317 [Ι
285 2279 323 2305 22
336 2274 479 2316 repetas
503 2273 692 2308 Victorius.
712 2274 874 2317 repertas
896 2272 1068 2316 (reperias
1091 2271 1130 2314 V,
1149 2270 1326 2315 reperitas
1349 2271 1428 2305 Vic-

76 2321 204 2364 torius)
224 2321 235 2365 Η
255 2326 293 2353 ‘28
318 2320 555 2363 theophratus
583 2320 850 2365 (theophrastus
884 2320 931 2364 V)
951 2321 963 2364 ΙΙ
