1555 2527
111 62 131 102 1
139 62 164 103 6
663 63 904 99 VARRONIS

106 162 263 201 coicere
301 163 345 201 in
378 175 544 215 aquam,
589 176 721 216 usque
754 176 837 216 qua
868 163 919 203 ad
951 165 1118 204 tertiam
1150 165 1312 217 partem
1344 162 1460 204 deco·
1497 180 1505 189 ⁸

106 222 226 273 xeris,
255 234 385 274 eoque
412 235 598 275 unguere
625 235 788 274 corpus,
833 221 938 275 Ego,
967 222 1088 270 Quod
1107 225 1254 277 magis,
1274 225 1460 276 inquam,

105 281 313 333 pertineat
339 280 390 320 ad
410 279 655 335 Fundanifi]
682 281 964 322 valetudinem
991 281 1065 336 [et]
1092 284 1138 323 in
1170 296 1217 323 eo
1244 281 1365 335 libro,
1399 284 1462 323 est

107 340 237 380 satius
271 338 400 380 dicas:
432 354 531 380 nam
556 340 728 381 huiusce
755 340 878 394 pedes
907 341 1044 382 solent
1070 341 1219 395 dolere,
1251 344 1296 382 in
1322 341 1460 382 fronte

34 398 88 438 27
106 398 350 440 contrahere
387 413 525 453 rugas.
588 398 667 440 Dic
705 399 842 453 sodes,
886 403 1027 454 inquit
1058 399 1320 442 Fundanius:
1361 415 1460 442 nam
1498 417 1513 443 5

105 458 217 499 malo
256 457 305 499 de
342 461 445 499 meis
478 458 654 513 pedibus
688 458 847 513 audire,
892 474 1018 513 quam
1051 474 1175 514 quem
1206 460 1258 501 ad
1288 459 1461 501 modum

105 517 230 571 pedes
268 517 459 559 betaceos
499 521 580 559 seri
613 520 815 572 oporteat.
879 518 998 560 Stolo
1032 519 1269 572 subridens,
1301 518 1460 572 Dicam,

105 579 257 631 inquit,
293 577 447 618 eisdem
483 577 635 631 quibus
667 578 740 618 1110
771 577 908 618 verbis
937 581 1104 633 scripsit
1139 578 1223 634 (vel
1250 578 1461 633 Tarquen

105 650 204 677 nam
242 636 399 690 audivi,
441 650 534 677 cum
573 637 735 679 homini
767 637 891 691 pedes
924 637 1064 679 dolere
1095 641 1347 692 coepissent,
1389 641 1462 692 qui

106 698 170 736 tui
213 698 489 750 meminisset,
535 699 571 737 ei
615 696 770 737 mederi
813 695 973 752 posse):
1025 698 1125 752 ‘ego
1170 700 1234 738 tui
1276 700 1460 751 memini,
1481 713 1515 740 ιο

105 754 267 796 medere
307 758 410 796 meis
452 755 646 810 pedibus,
691 758 802 797 terra
840 759 1001 810 pestem
1038 759 1197 811 teneto,
1242 758 1354 798 salus
1392 757 1462 798 hic

105 817 273 856 maneto
318 817 363 855 in
406 818 508 856 meis
553 815 752 869 pedibus'
757 849 765 856 .
845 816 925 858 hoc
969 819 1029 857 ter
1074 819 1250 857 noviens
1295 819 1462 857 cantare

36 873 91 915 28
106 874 234 928 iubet,
262 877 415 915 terram
441 877 624 929 tangere,
652 875 862 929 despuere,
889 878 1078 916 ieiunum
1104 878 1281 917 cantare.
1312 875 1460 929 Multa,

105 936 296 988 inquam,
340 936 442 974 item
485 935 568 975 alia
610 935 813 976 miracula
856 935 967 989 apud
1012 934 1210 977 Sasernas
1260 938 1461 989 invenies,

107 1008 213 1047 quae
255 996 397 1034 omnia
439 996 538 1034 sunt
580 994 743 1035 diversa
783 994 834 1035 ab
874 997 965 1049 agri
1003 995 1168 1036 cultura
1205 997 1246 1036 et
1276 995 1369 1036 ideo
1401 1009 1461 1035 re·
1482 1011 1514 1037 15

106 1053 330 1107 pudianda.
382 1052 511 1102 Quasi
537 1068 646 1108 vero,
678 1056 829 1108 inquit,
860 1068 948 1096 non
974 1054 1086 1108 apud
1112 1057 1269 1096 ceteros
1297 1068 1463 1109 quoque

109 1115 332 1167 scriptores
374 1114 477 1153 talia
516 1116 790 1168 reperiantur.
853 1128 907 1154 an
945 1128 1034 1155 non
1073 1117 1119 1155 in
1161 1116 1307 1168 magni
1346 1114 1462 1155 illius
1513 1150 1515 1152 .

108 1170 280 1213 Catonis
319 1172 445 1226 libro,
492 1176 564 1227 qui
603 1173 651 1214 de
689 1176 781 1228 agri
819 1174 984 1214 cultura
1016 1176 1078 1214 est
1110 1173 1263 1227 editus,
1309 1175 1464 1228 scripta

108 1234 207 1272 sunt
238 1233 449 1286 permulta
481 1233 652 1286 similia,
693 1235 741 1273 ut
772 1233 889 1287 haec,
934 1248 1058 1287 quem
1090 1233 1142 1274 ad
1172 1233 1345 1274 modum
1375 1233 1463 1287 pla-

108 1293 271 1332 centam
303 1292 436 1333 facere
468 1294 660 1346 oporteat
686 1290 790 1348 (76),
823 1307 906 1347 quo
933 1295 1056 1346 pacto
1082 1292 1218 1334 libum
1243 1290 1347 1348 (75),
1379 1306 1463 1347 qua
1482 1309 1517 1334 20

107 1354 270 1392 ratione
307 1366 458 1405 pernas
498 1353 645 1393 sallere
679 1349 829 1407 (162)?
878 1351 992 1393 Illud
1029 1366 1117 1394 non
1157 1352 1278 1406 dicis,
1322 1354 1465 1406 inquit

108 1409 284 1465 Agrius,
329 1411 442 1465 quod
475 1411 620 1453 scribit
651 1409 830 1467 (156),‘
842 1414 877 1453 si
914 1413 1017 1453 velis
1055 1414 1102 1453 in
1133 1414 1325 1453 convivio
1357 1412 1463 1452 mul-

108 1473 199 1511 tum
230 1470 371 1512 bibere
404 1485 632 1526 cenareque
659 1471 850 1524 libenter,
883 1474 979 1512 ante
1006 1486 1094 1512 esse
1120 1473 1288 1526 oportet
1311 1470 1462 1512 brassi-

110 1544 200 1571 cam
232 1530 402 1571 crudam
434 1545 483 1571 ex
516 1533 631 1573 aceto
664 1532 806 1585 aliqua
837 1531 939 1572 folia
972 1530 1186 1586 quinque'.

49 1599 98 1633 111
229 1589 383 1644 Igitur,
415 1593 556 1645 inquit
587 1589 812 1645 Agrasius,
845 1605 950 1645 quae
983 1590 1240 1645 dijungenda
1271 1592 1410 1631 essent
1440 1604 1465 1631 a
1483 1606 1516 1632 25

111 1650 276 1690 cultura
320 1653 437 1691 0111118
482 1650 597 1692 111οό1
642 1652 743 1704 81111,
788 1653 989 1705 quoniam
1032 1649 1275 1703 discretum,
1318 1649 1368 1691 de
1409 1651 1462 1690 iis

110 1708 232 1750 rebus
272 1724 377 1763 quae
417 1709 495 1763 [in]
535 1712 708 1751 scientia
748 1712 803 1751 sit
838 1712 884 1750 in
925 1709 1099 1751 colendo
1136 1723 1214 1751 nos
1253 1708 1463 1762 docet<e>,

111 1783 175 1809 ars
214 1768 258 1809 id
295 1783 349 1809 an
381 1769 484 1823 quid
515 1769 647 1822 aliud,
692 1771 734 1810 et
765 1784 789 1810 a
820 1768 972 1823 quibus
1006 1769 1239 1810 carceribus
1272 1768 1464 1810 decurrat

110 1827 162 1868 ad
199 1830 342 1870 metas.
406 1827 525 1871 Stolo
559 1843 654 1870 cum
685 1831 916 1883 aspexisset
948 1827 1154 1883 Scrofam,
1192 1827 1274 1882 Tu,
1311 1830 1463 1883 inquit,

229 1987 247 2014 8
268 1982 303 2015 et
322 1981 387 2016 del.
408 1981 495 2016 Keil
512 1982 524 2026 11
543 1987 561 2015 8
587 1982 669 2016 dist.
684 1981 759 2017 Leo
785 1980 827 2016 de
851 1985 918 2016 sat.
936 1992 974 2025 p.
996 1983 1044 2016 62
1062 1982 1074 2026 Η
1092 1987 1129 2015 12
1147 1979 1301 2015 nobiens
1322 1979 1463 2026 (nonies

119 2028 153 2062 V
173 2032 205 2063 et
235 2029 416 2063 nonnulla
448 2030 675 2074 apographa)
701 2031 713 2073 ΙΙ
738 2035 775 2062 13
808 2029 985 2073 despuere
1010 2029 1212 2064 Iucundus.
1263 2027 1434 2072 dispuere
1453 2029 1464 2072 ΙΙ

112 2082 149 2109 16
168 2075 291 2120 inquit
317 2076 473 2112 Ursinus
498 2076 635 2121 (inquit
654 2076 861 2121 Agrasius).
900 2076 1054 2120 inquam
1072 2078 1084 2120 11
1103 2082 1142 2110 26
1162 2087 1243 2120 sqq.
1264 2075 1463 2109 discretum

112 2123 204 2158 stolo
239 2135 322 2157 cum
356 2124 560 2168 aspexisset
594 2124 749 2159 scrofam
780 2125 820 2158 tu
854 2124 977 2167 inquit
1002 2126 1038 2158 et
1062 2125 1180 2158 aetate
1205 2125 1242 2158 et
1264 2123 1402 2157 honore
1427 2125 1464 2157 et

112 2171 266 2206 scientia
291 2172 391 2215 quod
414 2174 578 2215 praestas
606 2172 727 2206 dicere
753 2172 863 2206 debes
890 2171 953 2206 ille
977 2182 1051 2206 non
1076 2172 1250 2216 grauatus
1277 2171 1323 2204 de
1341 2170 1389 2204 iis
1408 2181 1462 2204 re-

111 2218 180 2252 bus
207 2229 301 2263 quae
327 2219 522 2254 inscientia
547 2219 595 2254 sit
618 2219 811 2254 incolendo
836 2230 902 2253 nos
924 2219 1029 2253 docet
1047 2230 1104 2253 ars
1124 2218 1164 2252 id
1183 2229 1230 2253 an
1250 2217 1341 2262 quid
1360 2217 1463 2252 aliud

112 2268 148 2300 et
172 2277 195 2301 a
219 2266 354 2309 quibus
382 2267 586 2301 carceribus
613 2268 781 2302 decurrat
804 2267 967 2301 admetas
993 2265 1156 2311 primum
1181 2265 1304 2310 inquit
1329 2267 1461 2310 (trans-

106 2315 233 2359 posuit
260 2315 470 2357 Iuczmdus5
496 2315 535 2348 in
560 2315 627 2350 del.
655 2315 759 2350 idem.
789 2314 972 2362 docet<e>
999 2314 1098 2359 Keil)
1117 2315 1130 2359 ΙΙ
1537 2281 1555 2376 sp

1552 2382 1555 2527 l
