1560 2407
85 64 151 99 ΧΠ
631 44 899 100 PRAEFATIO

85 168 151 203 set
169 164 348 215 Hempel
374 177 412 215 p.
435 165 502 213 55,
531 165 643 203 cuius
664 165 790 202 verba
813 165 1088 203 conferantur.
1111 186 1165 191 -
1189 166 1255 213 52,
1279 167 1344 202 11.
1384 166 1454 213 qui

84 227 130 271 fit
155 237 230 275 pro
259 237 283 262 a
309 236 382 272 quo
401 223 451 262 fit
471 236 521 262 ex
542 237 578 261 v.
609 225 661 261 14
683 223 859 262 Schoell.
876 246 931 250 —
949 226 1016 272 53,
1033 226 1069 262 5.
1108 224 1170 262 De
1190 224 1253 262 his
1275 224 1324 262 cf.
1346 236 1454 274 quae

83 284 262 334 Hempel
276 296 314 334 p.
327 284 381 322 60
397 284 599 333 exposuit.
615 304 672 309 -—
688 285 755 331 54,
774 284 838 321 28.
866 284 1041 322 Secutus
1056 296 1143 321 sum
1158 283 1355 331 Keilium3
1377 282 1453 322 sed

86 343 136 382 cf.
156 343 335 393 Hempel
356 355 394 393 p.
410 344 478 380 43.
499 364 557 368 —
579 344 646 390 55,
663 344 687 379 4
709 354 796 393 sqq.
825 342 885 381 Cf.
905 343 1083 393 Hempel
1102 356 1140 393 p.
1156 344 1210 381 43
1233 342 1324 380 adn.
1341 344 1378 380 2.
1394 364 1450 369 ——

86 404 154 451 55,
171 403 208 440 6.
236 405 270 441 et
288 414 363 452 pro
380 405 448 440 aut
463 404 679 451 exspectat
691 401 869 452 Hempel
883 416 921 452 p.
937 404 1005 440 44.
1021 423 1069 428 —
1091 404 1157 450 55,
1170 403 1207 439 8.
1233 413 1319 440 rore
1338 404 1454 450 frigi-

84 463 192 500 diore
217 463 420 509 tiwyzmtur
445 461 503 498 vel
523 461 654 499 simile
676 461 830 511 aliquid
851 461 1087 512 ponendum
1109 473 1198 500 esse
1217 462 1453 512 suspicatur

83 521 261 560 Schoell.
275 542 332 546 —
349 522 416 568 57,
433 522 469 558 5.
498 519 618 569 Quod
633 519 738 559 Olck
756 521 799 558 in
815 521 968 570 encycl.
983 521 1085 558 reali
1099 521 1174 558 sub
1197 517 1358 559 ‘Ernte'
1373 533 1453 571 pro

85 581 253 629 stipulas
293 581 509 629 exspectat
534 582 670 627 spinas
696 580 762 617 vel
782 581 921 627 stirpes
942 575 1011 631 (cf.
1031 580 1254 618 Bluemner
1275 577 1452 618 ‘Privat-

85 636 239 678 altert.’
261 652 299 689 p.
323 640 408 677 570
428 638 520 676 adn.
545 633 631 690 11),
653 640 825 687 erravit,
851 640 1018 687 stipulae
1038 639 1147 677 enim
1165 641 1335 686 festucae
1355 642 1455 678 sunt

88 700 138 738 de
166 699 315 750 quibus
344 699 393 737 cf.
421 698 472 736 de
499 698 568 736 1.1.
590 698 625 736 V
649 700 744 736 136.
783 699 924 737 Possis
951 711 1001 737 ex
1027 699 1106 737 hoc
1132 699 1222 736 loco
1250 698 1301 737 de
1322 710 1454 737 corra-

86 761 176 798 dere
245 758 430 808 cogitare
471 752 653 809 (eradere
673 776 716 786 =
739 754 932 811 eradere),
971 757 1045 796 sed
1081 770 1133 796 ne
1171 758 1249 796 1100
1287 757 1454 809 quidem

83 830 260 870 prorsus
293 818 570 856 necessarium
603 816 787 855 dixerim.
813 839 871 843 —
900 819 966 866 58,
990 821 1026 855 1.
1085 819 1127 855 in
1153 829 1199 855 ea
1223 817 1308 855 scil.
1333 829 1457 856 messe

84 880 248 917 tutatur
273 876 475 915 Heidrich
502 874 592 915 ‘der
618 876 698 914 Stil
725 876 797 915 des
822 874 886 915 V?
914 890 952 928 p.
976 878 1043 914 55.
1095 888 1180 914 cum
1204 889 1289 914 non
1315 876 1456 915 delen-

87 938 195 986 dum,
220 938 346 975 immo
374 939 447 974 aut
473 935 750 987 supplendum
776 937 892 975 velut
923 937 1115 974 commode
1141 938 1214 974 aut
1238 936 1322 974 tale
1355 935 1455 986 quid

86 995 506 1046 subintellegendum.
535 1017 591 1022 —
620 996 686 1044 58,
716 997 782 1033 31.
840 997 941 1043 quod
984 996 1139 1034 retinui
1177 1007 1268 1034 cum
1307 995 1455 1034 eodem

83 1057 256 1095 Varron.
276 1056 298 1094 I
324 1068 364 1106 p.
387 1057 454 1094 31.
473 1077 529 1081 —
556 1057 622 1104 60,
645 1056 712 1093 25.
749 1057 793 1093 in
812 1058 959 1094 acervis
978 1055 1141 1103 admisi3
1166 1056 1348 1093 iactando
1368 1055 1456 1094 scil.

83 1116 181 1154 dum
199 1116 242 1154 in
263 1128 309 1154 ac
322 1115 430 1153 ervis
450 1119 558 1153 sunt.
573 1136 628 1140 ——
647 1115 713 1163 62,
736 1116 772 1153 3.
804 1117 1008 1153 amiomeas
1027 1114 1263 1153 Scantianas
1291 1107 1456 1152 tutatur

83 1175 262 1226 Hempel
282 1188 324 1226 p.
342 1176 408 1223 15,
428 1174 607 1213 fortasse
627 1178 753 1213 recte.
769 1196 824 1200 —-
843 1175 910 1222 64,
928 1176 992 1212 12.
1013 1177 1253 1212 accesserunt
1266 1176 1374 1217 armi,
1389 1186 1454 1212 cu-

84 1237 186 1274 leum
198 1233 621 1283 promitto-Zahlfeldt
640 1234 664 1271 l.
680 1246 709 1272 5.
725 1246 754 1272 5.
770 1255 827 1260 -
850 1236 916 1282 67,
940 1235 1005 1272 32.
1038 1234 1101 1271 De
1123 1234 1181 1271 eis
1202 1245 1306 1284 quae
1325 1234 1456 1271 inter-

86 1294 234 1333 cidisse
261 1294 482 1332 videantur
509 1294 557 1331 cf.
584 1293 801 1332 Francken
826 1293 1014 1331 Mnemos
1042 1292 1227 1331 XXVIII
1247 1287 1299 1345 (a.
1318 1287 1456 1346 1900)

85 1368 124 1406 p.
136 1356 288 1392 294.—
303 1355 447 1401 70,12.
461 1353 528 1391 Ab
543 1350 697 1391 ‘extrita
709 1350 849 1391 littera'
866 1353 1079 1403 profectus
1095 1352 1372 1403 quodKeilius
1387 1364 1456 1390 ex-

86 1414 301 1464 cogitavit,
323 1413 374 1451 ab
400 1415 570 1451 externa
591 1413 728 1462 specie
751 1412 1074 1460 commendatur,
1099 1424 1246 1462 reapse
1265 1412 1457 1459 reicitur;

85 1486 181 1512 nam
208 1472 415 1524 quomodo
443 1472 575 1510 Varro
602 1473 644 1509 in
670 1472 846 1510 formam
873 1473 1026 1510 bcalare
1053 1469 1247 1522 delapsus
1273 1471 1340 1519 sit,
1368 1483 1454 1509 non

86 1536 273 1583 apparet.
323 1532 454 1570 Immo
481 1532 763 1570 ‘mela—mala
794 1532 948 1569 formas
976 1532 1161 1569 belare—
1177 1531 1311 1568 balare
1337 1531 1454 1582 quasi

85 1592 300 1644 postulare
327 1591 540 1629 videntur:
566 1591 674 1629 unde
694 1590 910 1629 Friedrich
937 1594 980 1629 et
1005 1591 1164 1640 pariter
1184 1589 1330 1628 eodem
1350 1593 1454 1628 tem-

85 1664 189 1702 pore
216 1651 382 1689 Schoell
408 1652 562 1689 baelare
594 1653 905 1701 proposuerunt
937 1645 1006 1702 (cf.
1034 1651 1140 1688 baeto
1160 1671 1206 1675 —
1226 1650 1306 1687 beto
1332 1651 1376 1688 et
1400 1649 1455 1687 si-

85 1705 237 1764 milia):
265 1723 511 1761 quamquam
535 1722 602 1748 res
628 1722 680 1748 ne
707 1710 766 1748 sic
793 1709 958 1760 quidem
986 1712 1100 1748 caret
1125 1709 1372 1759 suspicione.
1399 1729 1450 1734 ——

90 1773 236 1819 71,11
261 1783 319 1821 sq.
369 1769 419 1818 [a
452 1768 623 1818 maiore]
658 1773 702 1807 ut
735 1781 760 1807 a
793 1770 942 1807 minore
976 1769 1138 1807 Porcius
1177 1768 1341 1806 Ovinius
1375 1768 1452 1806 Oa—

79 1831 246 1878 prz'lius,
278 1831 333 1867 sic
367 1842 391 1867 a
426 1830 573 1867 maiore
608 1828 784 1867 Schoell.
821 1850 876 1854 —
917 1829 988 1876 72,
1017 1829 1083 1866 27.
1133 1831 1268 1866 φιεῑιίνο
1299 1823 1455 1878 (opus)

85 1889 263 1928 Schoell.
296 1910 355 1914 —
399 1890 470 1937 74,
499 1880 556 1926 8.ι
587 1889 761 1936 chon-on,
799 1891 846 1926 ut
877 1887 1154 1938 supplendum
1185 1887 1241 1925 sit
1270 1885 1454 1938 <volt-am

87 1951 188 1986 enim
211 1945 380 1998 Graeci>
406 1951 544 1986 vocant
568 1951 713 1999 χοῖρον,
740 1960 765 1986 α
790 1959 863 1995 quo
883 1947 1060 1985 Schoell.
1085 1968 1145 1972 —
1173 1948 1239 1995 74,
1262 1947 1328 1984 12.
1363 1947 1454 1984 sub-

83 2010 214 2056 ·qrumc'
241 2008 338 2058 quin
363 2007 513 2045 falsum
539 2008 604 2055 sit,
630 2020 751 2045 nemo
779 2006 961 2053 dubitat3
988 2006 1061 2045 sed
1086 2006 1235 2044 mirum
1255 2008 1320 2044 est
1340 2004 1454 2056 quod

86 2068 225 2118 glossa
246 2070 384 2105 exstat
402 2067 444 2104 H
466 2069 564 2114 223,
580 2067 635 2105 60
653 2067 785 2114 yrumi
804 2064 1089 2116 ἀκρομάσθιον.
1103 2086 1159 2092 —
1179 2067 1244 2114 74,
1262 2066 1327 2103 16.
1366 2063 1452 2112 (qui

85 2126 186 2174 iam)
211 2128 326 2174 porci
350 2128 447 2174 pura·
472 2129 565 2164 sum
586 2126 688 2164 Ellis
714 2125 930 2164 Hermath.
956 2125 998 2163 X
1023 2119 1179 2178 (1899)
1205 2137 1246 2175 p.
1269 2125 1365 2162 283.
1391 2144 1452 2150 -

90 2187 156 2234 75,
180 2188 216 2223 1.
266 2187 502 2223 contrariam
536 2185 616 2224 def.
642 2185 744 2223 Ellis
777 2185 802 2222 1.
823 2197 852 2223 5.
874 2197 904 2223 s.
935 2206 985 2210 —
1018 2187 1039 2222 7
1047 2185 1090 2232 5,
1111 2185 1137 2221 4
1158 2196 1216 2234 sq.
1248 2185 1283 2221 si
1314 2184 1382 2230 qui
1407 2185 1454 2222 et

85 2242 185 2297 (os)
210 2246 441 2293 adapertum
466 2245 569 2283 Ellis
601 2245 625 2282 l.
646 2257 676 2283 s.
697 2257 727 2282 5.
753 2257 792 2294 p.
815 2245 912 2282 284.
941 2265 995 2270 ———
1026 2245 1092 2292 75,
1114 2244 1152 2281 8.
1207 2243 1344 2281 caedat
1367 2242 1450 2280 for—

85 2307 196 2343 tasse
230 2304 397 2343 defendi
429 2316 552 2354 posse
588 2317 638 2342 ex
671 2305 729 2343 eis
763 2316 867 2354 quae
899 2303 1020 2342 Thes.
1051 2303 1076 2341 1.
1103 2303 1127 2340 1.
1154 2315 1194 2353 p.
1222 2303 1276 2340 58
1312 2301 1453 2340 adfert
