1555 2527
105 95 187 137 134
658 92 899 128 VARRONIS

100 196 240 247 potius
279 196 321 234 in
362 192 634 246 concipiendo
668 193 894 245 occupatae
926 206 1013 233 esse
1047 206 1172 246 quam
1203 191 1454 234 incubando.

99 253 433 307 adpositissimae
479 252 529 292 ad
570 253 739 305 partum
784 253 883 291 sunt
926 252 1145 293 anniculae
1190 254 1263 293 aut
1306 252 1454 293 bimae.

31 314 84 356 10
99 315 134 353 si
185 327 263 353 ova
312 313 483 366 gallinis
535 313 748 365 pavonina
797 310 995 364 subicias,
1047 326 1141 352 cum
1183 314 1268 352 iam
1315 311 1455 352 decem

99 372 184 413 dies
230 372 368 413 fovere
414 373 567 425 coepit,
617 372 708 410 tum
759 369 937 424 denique
986 371 1212 425 gallinacia
1256 370 1454 424 subicere,

99 434 146 472 ut
182 445 268 472 una
305 430 490 472 excudat.
561 430 798 484 gallinaciis
838 432 949 470 enim
981 431 1110 484 pullis
1142 430 1207 472 bis
1241 431 1337 472 dem‘
1368 430 1455 472 dies
1493 445 1508 472 5

99 505 205 545 opus
240 493 349 543 sunt,
381 492 604 545 pavoninis
637 491 701 530 ter
730 492 896 531 noveni.
941 504 1007 530 eas
1039 490 1252 532 includere
1278 491 1455 545 oportet,

98 553 145 591 ut
177 551 286 591 diem
319 553 358 591 et
390 551 556 591 noctem
588 548 804 602 incubent,
845 551 1138 604 praeterquam
1171 549 1228 604 [a]
1261 563 1383 591 mane
1415 552 1456 591 et

31 613 284 664 llvespere‚
318 610 416 650 dum
450 609 565 650 cibus
600 623 646 649 ac
678 611 796 663 potio
829 611 864 649 is
899 609 1029 650 detur.
1089 612 1257 651 curator
1289 611 1457 664 oportet

99 672 323 711 circumeat
369 668 513 710 diebus
558 670 822 722 interpositis
867 669 1030 723 aliquot
1074 683 1120 709 ac
1163 671 1322 711 vertere
1365 684 1455 722 ova,

98 732 144 770 ut
178 729 452 784 aequabiliter
482 728 767 769 concalefiant.
818 742 897 769 ova
922 729 1048 797 plena
1074 730 1159 769 sint
1184 730 1309 783 atque
1334 730 1458 770 utilia
1476 745 1510 771 ιο

96 803 237 842 1166116,
270 788 545 829 animadverti
578 790 697 828 aiunt
728 802 863 842 posse,
903 790 938 828 si
971 787 1184 829 demiseris
1216 791 1262 829 in
1293 803 1456 843 aquam,

98 849 211 902 quod
247 851 372 889 inane
409 850 543 901 natet,
588 848 762 901 plenum
801 847 969 888 desidit:
1015 850 1087 902 qui
1130 850 1179 888 ut
1215 847 1295 889 1106
1335 849 1456 890 intel-

99 909 243 963 legant
282 910 542 960 concutiant,
583 921 734 960 errare,
781 907 893 961 quod
931 906 1111 961 [inanes]
1150 908 1298 948 vitales
1329 922 1456 949 venas

99 968 359 1009 confundant
402 970 448 1008 in
484 970 549 1008 iis.
611 967 721 1008 idem
754 968 889 1020 aiunt,
935 981 1029 1007 cum
1062 967 1113 1007 ad
1144 968 1288 1008 lumen
1320 970 1457 1009 sustu-

31 1029 212 1081 121eris,
258 1027 371 1082 quod
415 1028 643 1081 perluceat,
689 1026 731 1067 id
776 1041 864 1067 esse
909 1025 998 1080 [ob]
1041 1029 1178 1068 inane.
1246 1030 1319 1081 qui
1355 1027 1539 1069 1136615.Δ

97 1088 248 1128 volunt
305 1087 463 1127 diutius
518 1101 699 1140 servare,
753 1086 983 1140 perfricant
1033 1087 1117 1127 sale
1167 1088 1332 1128 minuto
1384 1089 1458 1128 aut

98 1150 234 1189 muria
277 1149 360 1187 tres
406 1149 479 1187 aut
517 1149 719 1201 quattuor
755 1146 880 1187 horas
921 1160 1050 1200 eaque
1089 1145 1233 1187 abluta
1271 1146 1458 1188 condunt

97 1209 143 1247 in
186 1207 368 1247 furfures
413 1208 485 1247 aut
531 1221 640 1247 acus.
713 1209 759 1247 in
799 1205 1074 1259 supponendo
1114 1220 1192 1246 ova
1233 1205 1458 1247 observant

98 1268 145 1306 ut
178 1268 263 1307 sint
293 1281 469 1307 numero
501 1269 691 1320 imparia.
755 1279 849 1318 ova,
895 1279 1000 1319 quae
1031 1265 1302 1319 incubantur‚
1334 1265 1458 1307 habc-

98 1328 224 1367 antne
270 1341 410 1367 semen
450 1327 576 1380 pulli,
622 1328 790 1367 curator
831 1325 1064 1379 quadriduo
1102 1327 1201 1379 post
1238 1339 1365 1379 quam
1395 1328 1457 1367 in-
1477 1321 1530 1381 20}

102 1385 244 1426 cubari
301 1388 440 1439 coepit
494 1387 740 1440 intellegere
796 1387 947 1438 potest.
1035 1387 1070 1425 si
1120 1386 1267 1426 contra
1315 1386 1458 1426 lumen

102 1447 238 1486 tenuit
271 1448 310 1485 et
341 1460 496 1499 purum
528 1448 653 1486 unius
687 1444 801 1486 modi
834 1459 922 1485 esse
955 1444 1267 1497 animadvertit,
1304 1447 1458 1499 putant

32 1505 84 1546 13
100 1505 332 1545 eiciendum
371 1507 411 1545 et
450 1505 564 1546 aliud
603 1504 910 1546 subiciundum.
973 1518 1145 1545 excusos
1182 1505 1324 1558 pullos
1364 1504 1458 1546 sub-

100 1564 333 1605 ducendum
378 1579 426 1605 ex
472 1566 651 1619 singulis
695 1565 806 1605 nidis
853 1566 892 1604 et
937 1563 1227 1604 subiciendum
1272 1567 1309 1605 ei
1352 1578 1457 1618 quae

98 1623 250 1664 habeat
281 1639 455 1678 paucos3
489 1624 539 1665 ab
574 1638 718 1678 eaque,
759 1626 794 1665 si
826 1624 988 1677 reliqua
1021 1625 1106 1663 sint
1138 1637 1216 1664 ova
1246 1626 1457 1677 pauciora,
1477 1639 1510 1665 25

100 1683 287 1724 tollenda
326 1686 365 1724 et
405 1683 646 1725 subicienda
685 1685 794 1736 aliis,
840 1697 946 1736 quae
982 1682 1172 1723 nondum
1203 1683 1458 1724 excuderunt

102 1744 143 1783 et
186 1745 324 1783 minus
370 1743 540 1785 habent,
569 1746 747 1798 triginta
790 1743 944 1797 pullos.
1011 1741 1091 1783 hoc
1135 1744 1246 1783 enim
1286 1757 1458 1797 gregem

99 1804 299 1843 maiorem
330 1817 417 1844 non
448 1803 696 1844 faciendum.
759 1802 1024 1844 obiciendum
1054 1802 1184 1855 pullis
1218 1801 1363 1843 diebus
1395 1813 1457 1844 XV

100 1864 247 1915 primis
286 1876 406 1903 mane
445 1863 632 1904 subiecto
665 1864 853 1917 pulvere,
897 1876 950 1902 ne
987 1863 1135 1902 rostris
1167 1864 1317 1903 noceat
1346 1863 1458 1903 terra

102 1921 215 1973 dura,
241 1922 456 1974 polentam
487 1925 662 1963 mixtam
695 1937 790 1963 cum
819 1919 1056 1975 nasturtiffi]
1089 1923 1246 1962 semine
1278 1923 1320 1962 et
1351 1936 1459 1976 aqua
1477 1937 1512 1963 so

103 1981 318 2033 aliquanto
364 1983 459 2022 ante
502 1981 713 2034 facta<m>
749 1979 1014 2034 intrita<m>,
1057 1995 1111 2021 ne
1147 1982 1239 2021 tum
1279 1980 1458 2035 denique

35 2039 147 2080 14111
185 2053 329 2080 60111111
367 2054 540 2094 corpore
577 2043 808 2096 turgescat:
853 2054 961 2094 aqua
991 2039 1313 2094 prohibendum.
1376 2055 1459 2094 qua

222 2162 240 2188 3
255 2167 307 2198 sq.
335 2156 459 2189 decem
481 2157 557 2190 dies
584 2157 780 2201 gallinacia
798 2157 922 2191 fouere
943 2156 1063 2200 coepit
1081 2157 1160 2190 tum
1186 2155 1345 2199 denique
1372 2155 1456 2190 sub-

105 2202 197 2236 icere
233 2203 387 2245 (traiecit
419 2204 505 2238 Keil
541 2205 629 2239 duce
661 2205 843 2249 Iuczmdo)
875 2206 886 2247 ΙΙ
917 2211 931 2237 7
965 2204 1030 2238 del.
1058 2203 1252 2238 Iucundus
1281 2205 1292 2247 ΙΙ
1319 2209 1356 2237 18
1387 2203 1484 2250 del]
1508 2213 1530 2250 g

111 2250 292 2284 Victorius
311 2252 321 2293 Η
340 2257 375 2283 14
397 2250 619 2285 confundant
639 2253 650 2296 «ζ
653 2252 880 2286 confundunt
899 2253 947 2296 V)
961 2251 973 2296 Η
986 2257 1023 2284 15
1043 2251 1110 2285 del.
1124 2250 1318 2286 Schneider
1335 2252 1457 2296 (ovum
1552 2250 1555 2253 '

106 2297 216 2339 Ellaeze)
249 2298 260 2341 Η
291 2304 327 2330 16
360 2308 500 2331 servare
528 2310 599 2332 mr.
651 2300 787 2333 seruari
819 2301 830 2344 11
861 2306 896 2333 17
930 2299 1090 2333 condunt
1122 2298 1323 2333 Iucundus.
1375 2309 1457 2333 con-

106 2345 194 2378 dant
211 2345 222 2388 ΙΙ
243 2351 281 2377 30
306 2345 479 2378 nasturcii
503 2346 506 2389 1
531 2346 672 2393 (vino)
701 2349 735 2381 et
761 2358 858 2391 aqua
884 2347 970 2381 Keil
988 2347 1000 2391 ΙΙ
1019 2352 1055 2379 31
1081 2346 1165 2380 add.
1190 2345 1325 2382 Gesner
1342 2345 1354 2391 ΙΙ
