1555 2527
97 83 153 126 36
653 85 893 120 VARRONIS

96 183 279 224 familiae
320 183 611 237 magnitudine
652 186 692 223 et
736 184 896 237 reliquo
941 186 1221 225 instrumento
1267 198 1446 226 commo-

58 242 265 283 7dissime
310 245 412 283 scies
458 245 658 297 quantam
702 257 838 296 pares,
890 246 925 283 si
974 246 1056 283 tria
1105 243 1444 285 animadverteris

97 301 337 356 diligenter:
385 305 429 342 in
472 305 687 343 vicinitate
731 302 900 356 praedia
944 305 1060 343 cuius
1106 303 1219 343 modi
1271 305 1356 343 sint
1405 305 1446 344 et

97 364 270 415 quanta,
315 364 355 402 et
387 364 491 415 quot
522 375 709 416 quaeque
742 361 983 402 hominibus
1017 363 1224 415 colantur,
1269 365 1310 403 et
1341 364 1446 416 quot

96 421 247 461 additis
287 424 423 475 operis
463 424 535 461 aut
573 421 750 474 demptis
792 422 941 461 melius
975 424 1047 461 aut
1079 421 1258 462 deterius
1291 422 1443 463 habeas

96 481 267 521 cultum.
324 481 485 521 bivium
515 480 637 521 nobis
672 483 782 521 enim
815 481 866 521 ad
898 481 1106 521 culturam
1137 481 1250 522 dedit
1280 484 1444 535 natura,

95 542 394 594 experientiam
444 542 484 580 et
529 542 820 581 imitationem.
901 542 1185 594 antiquissimi
1235 541 1444 595 agricolae

94 600 337 653 temptando
364 600 562 653 pleraque
589 601 910 652 constituerunt,
936 599 1057 640 liberi
1083 614 1227 641 eorum
1245 614 1443 654 magnam

54 660 254 713 Spartem
297 659 513 700 imitando.
586 673 664 700 nos
706 662 930 712 utrumque
972 660 1104 700 facere
1145 659 1358 713 debemus,
1403 663 1444 700 et

92 722 249 759 imitari
291 720 394 759 alios
437 721 477 759 et
518 719 638 758 aliter
679 721 726 758 ut
770 719 970 759 faciamus
1016 721 1272 772 experientia
1311 722 1442 773 temp-

92 781 179 818 tare
212 778 431 832 quaedam,
465 780 683 832 sequentes
716 792 803 819 non
835 778 985 831 aleam,
1030 778 1101 819 sed
1131 781 1338 819 rationem
1369 779 1442 819 ali-

92 852 234 892 quam:
279 840 326 878 ut
365 840 400 878 si
439 839 564 878 altius
603 840 999 892 repastinaverimus
1040 840 1112 878 aut
1142 840 1282 878 minus
1315 852 1442 892 quam

92 899 181 950 alii,
226 897 339 951 quod
370 900 631 938 momentum
662 911 709 938 ea
739 912 803 937 res
836 897 1003 950 habeat,
1036 900 1084 937 ut
1115 897 1303 938 fecerunt
1333 900 1365 938 ii
1395 900 1438 938 in

92 957 282 998 sariendo
315 959 468 997 iterum
501 959 541 997 et
572 959 714 1010 tertio,
754 959 794 997 et
826 959 898 1011 qui
929 959 1150 998 insitiones
1183 957 1358 998 ficulnas
1392 971 1440 998 ex

89 1031 216 1058 verno
249 1019 436 1070 tempore
468 1019 513 1057 in
545 1018 750 1057 aestivum
783 1017 1063 1057 contulerunt.

41 1085 124 1119 XIX
207 1075 270 1117 De
319 1077 482 1130 reliqua
529 1078 648 1130 parte
697 1078 984 1129 instrumenti,
1035 1075 1148 1130 quod
1194 1077 1440 1118 semivocale

89 1137 309 1189 appellavi,
331 1135 510 1177 Saserna
527 1135 578 1176 ad
596 1138 743 1190 iugera
767 1146 821 1176 CC
845 1138 933 1176 arvi
955 1135 1084 1176 boum
1102 1138 1204 1189 iuga
1229 1135 1310 1176 duo
1338 1138 1438 1176 satis

88 1210 176 1236 esse
208 1195 364 1248 scribit,
397 1193 501 1236 Cato
535 1193 623 1250 (10)
655 1197 699 1236 in
733 1194 934 1248 oliveti[s]
969 1205 1085 1236 CCXL
1115 1197 1272 1249 iugeris
1310 1195 1437 1236 boves

86 1257 232 1296 trinos.
281 1257 342 1295 ita
372 1254 421 1295 fit
445 1257 504 1308 ut,
536 1257 628 1307 (εἰ)
650 1253 827 1296 Saserna
853 1254 954 1295 dicit
977 1269 1132 1308 verum,
1165 1254 1217 1295 ad
1243 1265 1268 1295 C
1292 1257 1440 1309 iugera

86 1317 235 1368 iugum
267 1329 372 1368 opus
408 1317 479 1367 sit,
524 1317 559 1355 si
592 1312 714 1367 Cato,
758 1314 809 1355 ad
851 1316 1066 1368 octogena.
1129 1313 1199 1355 sed
1231 1328 1309 1368 ego
1339 1328 1439 1355 neu-

86 1376 199 1414 trum
230 1374 403 1415 modum
434 1374 586 1415 horum
618 1388 784 1415 omnem
817 1373 868 1414 ad
899 1388 1049 1428 agrum
1081 1376 1301 1414 convenire
1331 1376 1436 1428 puto

87 1436 127 1474 et
164 1436 389 1488 utrumque
428 1433 479 1474 ad
517 1434 710 1488 aliquem.
772 1434 855 1474 alia
887 1436 998 1474 enim
1028 1436 1140 1474 terra
1170 1433 1334 1474 facilior
1365 1436 1438 1474 aut

45 1493 300 1534 :2diffiessi0r
350 1495 428 1534 est:
481 1494 607 1533 aliam
656 1496 811 1534 terram
859 1493 985 1534 boves
1038 1492 1304 1547 proscindere
1352 1495 1436 1534 nisi

84 1556 248 1607 magnis
290 1553 449 1593 viribus
486 1567 574 1594 non
614 1555 795 1607 possunt
836 1555 876 1593 et
917 1567 1038 1606 saepe
1076 1552 1208 1593 fracta
1237 1552 1344 1593 bura
1373 1566 1434 1593 re-

1481 437 1497 463 5

1462 734 1496 759 10

1460 1031 1492 1057 15

1457 1329 1493 1355 20

84 1613 284 1666 linquunt
321 1627 531 1653 vomerem
568 1615 613 1653 in
651 1627 762 1653 arvo.
825 1626 907 1666 quo
941 1611 1199 1667 sequendum
1229 1611 1353 1653 nobis
1385 1614 1429 1653 in
1451 1626 1485 1652 25

84 1673 264 1726 singulis
309 1672 469 1725 fundis,
520 1671 619 1712 dum
665 1686 808 1712 sumus
852 1674 1025 1725 novicii,
1075 1671 1233 1725 triplici
1276 1672 1433 1725 regula,

85 1734 311 1785 superioris
347 1731 507 1772 domini
538 1733 735 1772 instituto
769 1733 810 1771 et
840 1734 1075 1772 vicinorum
1107 1733 1148 1771 et
1179 1733 1435 1784 experientia

44 1790 275 1845 3quadam.
338 1791 450 1845 quod
494 1790 609 1831 addit
653 1793 792 1832 asinos
832 1793 905 1844 qui
943 1793 1100 1831 stercus
1138 1792 1304 1831 vectent
1336 1792 1432 1844 tres,

82 1853 248 1891 asinum
283 1852 524 1904 molarium?
568 1853 614 1891 in
651 1852 773 1891 vinea
809 1853 1003 1904 iugerum
1041 1860 1066 1890 c
1103 1852 1253 1903 iugum
1291 1849 1432 1903 boum,

81 1912 296 1950 asinorum
326 1913 486 1964 iugum,
519 1912 685 1950 asinum
714 1908 1074 1963 mol[end]arium:
1105 1912 1152 1949 in
1177 1909 1257 1950 hoc
1281 1923 1431 1963 genere
1451 1923 1486 1949 30

81 1970 396 2010 semivocalium
437 1969 700 2010 adiciendum
741 1969 789 2010 de
821 1983 969 2022 pecore
1003 1983 1049 2009 ea
1081 1969 1172 2009 sola
1203 1982 1309 2022 quae
1340 1971 1431 2023 agri

81 2029 244 2069 colendi
289 2043 412 2069 causa
456 2032 578 2069 erunt
622 2031 662 2070 et
699 2028 861 2083 (quae)
899 2029 1036 2069 solent
1073 2042 1162 2069 esse
1203 2028 1432 2082 peculiaria

78 2103 212 2142 pauca
242 2088 449 2142 habenda,
492 2103 575 2142 quo
607 2089 772 2129 facilius
804 2090 1015 2142 mancipia
1045 2086 1168 2142 [quae
1200 2086 1354 2141 solent]
1387 2102 1430 2129 se

199 2199 217 2226 4
238 2193 338 2237 quot]
360 2193 460 2235 quod
480 2197 631 2236 utroque
651 2194 725 2227 loco
744 2195 755 2237 Η
774 2199 810 2226 18
831 2193 896 2227 del.
918 2192 1004 2227 Keil
1023 2194 1035 2236 ΙΙ
1053 2198 1090 2225 19
1111 2191 1194 2226 add.
1215 2191 1407 2227 Schneider
1417 2193 1428 2236 fl

80 2246 118 2274 2⁰
145 2240 192 2273 sit
218 2240 314 2274 Keil.
365 2242 419 2273 est
450 2241 461 2284 ΙΙ
492 2247 529 2273 25
556 2251 741 2274 vomerem
774 2240 934 2275 Nonius.
995 2250 1162 2274 uomeres
1192 2240 1204 2283 ΙΙ
1235 2245 1273 2272 2⁹
1298 2238 1429 2283 iugum

77 2299 150 2323 mv.
189 2287 299 2332 iugus
318 2289 330 2332 ΙΙ
349 2294 388 2321 30
414 2288 479 2322 del.
503 2288 684 2323 Victorius
703 2299 748 2323 ex
769 2288 902 2323 Catone
921 2289 932 2332 ΙΙ
951 2293 989 2320 32
1016 2289 1121 2321 erunt
1145 2288 1181 2320 et
1199 2297 1293 2330 quae
1313 2286 1429 2320 solent

78 2335 165 2370 Keil
190 2336 247 2379 (σεο
271 2346 302 2369 υ.
329 2337 400 2379 33).
451 2337 556 2369 erunt
580 2337 621 2369 ut
646 2335 763 2370 solent
780 2337 791 2380 ΙΙ
810 2341 849 2368 88
874 2335 941 2369 del.
969 2334 1056 2370 Keil
1074 2336 1086 2380 ΙΙ
