1555 2527
103 91 121 131 l
129 90 186 132 36
660 87 900 123 VARRONIS

99 187 262 241 <t>ium
288 189 544 230 introierunt
571 202 591 227 e
617 187 757 228 culina
783 188 955 240 propter
981 186 1197 227 fastidium
1223 186 1455 229 hominum.

32 248 84 289 19
100 250 282 288 veneunt
313 250 486 301 propter
518 249 737 300 penuriam
768 260 935 300 magno.
987 246 1035 287 de
1067 246 1202 287 tribus
1232 246 1455 301 generibus

101 308 284 362 gallinae
327 309 575 361 saginantur
614 308 794 346 maxime
832 306 1052 346 villaticae.
1124 320 1191 346 eas
1232 306 1457 347 includunt

100 369 145 407 in
177 368 317 407 locum
348 366 537 420 tepidum
571 367 610 405 et
643 367 872 419 angustum
905 367 945 406 et
976 365 1301 419 tenebricosum,
1344 365 1457 420 quod

101 428 240 467 motus
283 440 424 466 earum
469 428 508 466 et
549 426 621 465 lux
662 424 974 478 pinguitudinis
1017 425 1218 479 vindicta,
1263 424 1315 466 ad
1350 425 1460 466 hanc
1495 439 1512 466 ⁶

101 501 189 526 rem
230 486 370 526 electis
411 487 604 525 maximis
646 485 835 538 gallinis,
879 498 955 525 nec
994 487 1194 526 continuo
1227 484 1310 538 his,
1355 498 1458 539 quas

101 544 270 586 Melicas
299 545 515 598 appellant
541 544 659 596 falso,
694 543 806 597 quod
832 545 1006 598 antiqui,
1039 546 1087 584 ut
1106 543 1274 585 Thetim
1293 543 1459 586 Thelim

102 604 311 657 dicebant,
358 607 415 644 sic
450 603 655 644 Medicam
686 602 881 644 Melicam
917 602 1135 645 vocabant.
1206 603 1283 644 hae
1320 606 1458 658 primo

103 664 365 716 dicebantur,
410 662 572 717 qua<e>
617 677 665 703 ex
703 661 865 704 Medica
907 665 1080 717 propter
1123 663 1460 718 magnitudinem

32 723 90 765 20
107 726 224 765 erant
257 724 407 763 allatae
440 736 627 777 quaeque
661 737 709 763 ex
741 725 792 763 iis
825 725 1062 777 generatae,
1106 725 1254 776 postea
1288 725 1462 778 propter
1480 737 1515 763 ιο

103 783 423 824 similitudinem
470 783 632 836 amplae
681 796 837 823 omnes.
903 797 951 823 ex
995 785 1046 822 iis
1090 783 1243 823 evulsis
1290 797 1338 823 ex
1383 783 1460 823 alis

102 845 244 897 pinnis
284 844 324 883 et
366 857 385 883 e
425 841 555 882 cauda
592 842 776 882 farciunt
807 841 1001 882 turundis
1034 841 1274 883 hordeaceis
1305 843 1460 896 partim

104 902 299 943 admixtis
343 900 399 956 [6]
440 902 576 942 farina
616 902 808 942 lolleacia
848 903 921 941 aut
962 904 1119 942 semine
1157 902 1235 942 lini
1273 916 1322 942 ex
1354 915 1463 955 aqua

104 962 226 1002 dulci.
288 961 352 1002 bis
387 961 451 1002 die
484 960 624 1001 cibum
657 960 775 1014 dant,
821 961 1089 1002 observantes
1129 975 1177 1001 ex
1210 961 1462 1015 quibusdam

105 1023 236 1076 signis
281 1023 329 1061 ut
368 1023 485 1075 prior
527 1022 582 1061 sit
623 1022 864 1074 concoctus,
909 1019 1190 1075 <ante>quam
1233 1021 1461 1062 secundum
1481 1034 1537 1060 1⁵-

104 1081 213 1122 dent.
288 1080 385 1121 dato
430 1080 540 1134 cibo,
586 1094 714 1134 quom
754 1082 1068 1134 perpurgarunt
1112 1082 1254 1134 caput,
1299 1095 1461 1135 nequos

103 1141 255 1181 habeat
291 1140 433 1194 pedes,
478 1154 623 1181 rursus
663 1155 729 1181 eas
763 1140 1031 1181 concludunt.
1092 1139 1172 1181 hoc
1203 1140 1365 1181 faciunt
1395 1154 1462 1180 us-

33 1201 86 1242 21
105 1215 185 1254 que
217 1199 268 1240 ad
301 1199 386 1240 dies
420 1211 530 1241 XXV:
562 1202 664 1240 tunc
697 1199 875 1254 denique
906 1202 1086 1254 pingues
1119 1199 1239 1240 fiunt.
1291 1199 1462 1253 quidam
1522 1197 1526 1200 ⁶

105 1262 146 1301 et
188 1261 352 1300 triticeo
400 1274 508 1313 pane
552 1261 700 1300 intrito
744 1262 790 1300 in
827 1273 995 1313 aquam,
1039 1261 1172 1300 mixto
1213 1262 1312 1301 vino
1349 1258 1462 1300 bono

106 1322 146 1360 et
171 1319 358 1372 odorato,
390 1318 640 1372 fa<r>ciunt,
665 1321 726 1359 ita
751 1321 799 1359 ut
825 1318 969 1360 diebus
991 1330 1054 1360 xx
1078 1321 1259 1373 pingues
1285 1311 1463 1359 reddant
1483 1332 1517 1358 20

105 1394 152 1420 ac
188 1381 363 1420 teneras.
427 1381 461 1419 si
498 1381 544 1419 in
581 1378 793 1419 farciendo
825 1381 958 1419 nimio
992 1378 1083 1419 cibo
1116 1378 1358 1431 fastidiunt,
1403 1392 1463 1419 re-

106 1438 358 1479 mittendum
395 1441 441 1479 in
480 1438 648 1479 datione
685 1452 762 1492 pro
800 1440 1015 1492 portione,
1060 1452 1106 1478 ac
1144 1437 1284 1479 decem
1314 1440 1462 1492 primis

106 1500 326 1552 processit,
370 1500 416 1539 in
453 1497 757 1552 posterioribus
790 1500 839 1538 ut
870 1497 1085 1538 deminuat
1116 1497 1259 1538 eadem
1289 1499 1464 1551 ratione,

106 1560 154 1598 ut
173 1560 393 1598 vicesimus
415 1557 500 1598 dies
523 1559 563 1598 et
582 1560 743 1611 primus
771 1556 912 1611 si<n>t
936 1556 1125 1611 pare<s>.
1169 1556 1313 1598 eodem
1337 1556 1463 1598 modo

107 1617 329 1671 palumbos
362 1617 545 1658 farciunt
577 1632 623 1658 ac
655 1617 835 1658 reddunt
865 1619 1058 1671 pingues
1483 1629 1516 1656 25

62 1686 96 1720 X
227 1676 394 1729 Transi,
426 1679 566 1730 inquit
598 1675 750 1730 Axius,
791 1691 905 1717 nunc
941 1679 989 1717 in
1022 1676 1130 1717 illud
1160 1690 1311 1730 genus,
1351 1675 1465 1730 quod

107 1751 195 1778 non
239 1738 301 1776 est
343 1737 432 1776 ulla
474 1737 576 1786 vilia
619 1751 666 1777 36
706 1738 818 1777 terra
861 1737 1123 1788 contentum,
1175 1735 1246 1776 sed
1289 1737 1466 1790 requirit

108 1798 303 1850 piscinas,
343 1795 455 1849 quod
495 1810 569 1837 vos
602 1796 863 1850 philograeci
893 1797 1052 1836 vocatis
1085 1794 1359 1849 amphibium.
1419 1797 1466 1836 in

110 1855 261 1909 quibus
301 1854 373 1895 ubi
410 1869 573 1896 anseres
608 1857 796 1908 aluntur,
830 1857 1002 1896 nomine
1033 1853 1228 1908 (alieno)
1260 1854 1465 1896 chenobo-

111 1917 227 1955 scion
277 1916 511 1968 appellatis,
590 1915 743 1956 horum
791 1929 940 1969 greges
993 1913 1133 1968 Scipio
1176 1913 1373 1955 Metellus
1425 1915 1466 1954 et
1484 1928 1519 1955 30

108 1973 165 2015 M.
198 1972 316 2014 Seius
358 1974 514 2015 habent
554 1989 731 2029 magnos
774 1976 948 2028 aliquot.
1021 1972 1202 2027 Merula,
1235 1971 1373 2026 Seius,
1404 1975 1466 2014 in-

230 2107 245 2133 7
272 2101 402 2134 thetim
427 2102 555 2136 thelim
573 2102 711 2156 U<thetin
737 2102 852 2136 thelin
873 2102 965 2145 Pol„
990 2101 1121 2136 thetim
1145 2101 1274 2136 thelim
1300 2100 1466 2147 apost->H

110 2155 129 2182 9
155 2149 240 2183 add.
261 2160 295 2182 m
320 2150 331 2192 l}
359 2155 395 2181 10
410 2160 462 2192 sq.
487 2160 530 2183 ex
555 2149 600 2183 iis
629 2150 685 2194 (ex
710 2150 767 2183 his
793 2154 945 2194 utroque
970 2149 1045 2184 loco
1067 2149 1149 2185 Vet
1171 2149 1353 2183 nonnulla
1378 2159 1465 2192 apo-

110 2196 287 2241 grapha)'
285 2213 287 2241 Ι
305 2196 448 2239 amplae
473 2197 636 2232 Ursznus.
683 2197 823 2241 amplas
841 2197 844 2243 Ι
862 2208 905 2232 ex
925 2197 970 2230 iis
990 2197 1056 2232 dez.
1078 2196 1187 2234 Kew
1198 2203 1235 2230 12
1253 2195 1464 2230 hordeaceis

113 2243 302 2288 (ordeaciis
319 2243 394 2278 Vet
406 2245 586 2279 nonnulla
601 2245 849 2291 apoyrapha)
860 2251 897 2278 18
912 2243 1145 2289 dez.Kei13¹15
1159 2243 1243 2279 add.
1252 2243 1467 2289 Schneider-1}

111 2297 148 2324 16
169 2300 250 2324 cum
265 2302 293 2324 v.
310 2301 421 2334 quam
441 2291 452 2334 Η
471 2298 510 2325 20
530 2292 613 2326 add.
628 2304 657 2327 v.
697 2299 735 2326 24
751 2293 823 2326 sint
834 2302 939 2337 pares
955 2291 1156 2327 Schnezder.
1173 2291 1220 2325 sit
1237 2290 1387 2345 parium
1401 2301 1465 2334 pa-

111 2338 253 2372 lumbes
279 2338 312 2372 V
326 2339 337 2382 [Ι
357 2344 392 2371 27
419 2338 495 2373 11113
519 2339 585 2373 del.
607 2340 694 2375 Kezl
713 2342 724 2384 ΙΙ
744 2347 781 2373 2⁹
801 2340 943 2375 addidi.
981 2339 1166 2386 (graeco)
1184 2337 1335 2373 nomine
1354 2337 1467 2384 Keiln
