1555 2527
66 62 124 105 30
624 62 865 99 VARRONIS

65 177 197 202 unum
227 163 430 215 naturale,
463 163 641 203 alterum
667 164 841 216 agreste,
873 164 1044 202 tertium
1069 163 1261 215 militare,
1294 176 1416 216 quar-

65 224 156 262 tum
206 221 366 263 fabrile.
458 221 609 263 horum
659 236 791 262 unum
842 221 1036 275 quodque
1087 225 1242 276 species
1293 221 1418 262 habet

68 282 222 335 plures.
295 283 479 335 primum
522 282 713 321 naturale
758 283 1078 335 saepimenbum,
1124 280 1237 336 quod
1280 283 1418 335 opseri

67 341 174 382 solet
212 341 409 395 virgultis
452 343 524 381 aut
565 343 715 394 spinis,
761 340 873 394 quod
910 340 1037 381 habet
1077 341 1234 382 radices
1275 355 1321 381 ac
1358 342 1416 381 vi-

67 402 128 440 vit
173 399 362 454 [saepis],
413 403 715 453 praetereuntis
760 401 905 440 lascivi
948 414 1034 441 non
1083 402 1242 441 metuet
1285 401 1417 440 facem
1456 415 1471 441 5

26 459 290 501 Zardentem.
353 459 534 500 secunda
573 474 692 513 saeps
732 462 794 500 est
832 458 916 513 [exj
956 460 1190 514 agresti<s>
1229 474 1249 500 e
1287 460 1418 513 ligno,

69 519 140 560 sed
178 533 265 560 non
302 521 424 560 vivit:
468 519 516 559 fit
555 522 627 559 aut
665 519 772 572 palis
813 521 981 559 statutis
1021 518 1173 560 crebris
1213 518 1310 571 e<t>
1340 521 1420 559 vir-

67 580 199 633 gultis
232 579 459 632 implicatis
493 580 566 618 aut
598 579 694 618 latis
727 579 950 631 perforatis
979 580 1019 618 et
1043 593 1117 632 per
1143 592 1190 619 ea
1214 579 1422 619 foramina

68 640 251 678 traiectis
285 639 476 691 longuris
509 638 593 678 fere
624 637 735 678 binis
769 640 841 678 aut
870 640 999 678 ternis
1027 640 1099 678 aut
1125 652 1174 678 ex
1201 637 1419 679 arboribus

68 700 227 738 truncis
270 697 459 738 demissis
500 700 546 738 in
590 699 743 737 terram
784 697 977 751 deinceps
1022 699 1274 738 constitutis.
1342 699 1421 738 ter·
1442 713 1475 738 ιο

70 760 178 797 tium
215 757 395 797 militare
438 758 742 810 saepimentum
781 758 843 797 est
874 757 988 797 fossa
1019 759 1059 797 et
1089 759 1247 798 terreus
1281 770 1421 811 agger.

70 816 140 857 sed
177 816 292 857 fossa
327 819 387 856 ita
426 816 593 868 idonea,
639 818 673 857 si
706 830 872 856 omnem
905 830 1073 870 aquam,
1118 830 1223 870 quae
1255 830 1276 857 e
1308 817 1421 857 caelo

71 878 203 929 venit,
247 878 429 930 recipere
472 878 612 929 potest
656 877 728 916 aut
771 876 991 929 fastigium
1032 875 1174 929 habet,
1218 878 1267 916 ut
1306 878 1424 916 exeat

29 937 90 977 3e
122 935 265 976 fundo.
316 949 445 989 agger
476 938 511 976 is
543 935 692 988 bonus,
726 937 798 988 qui
830 937 1082 976 intrinsecus
1115 937 1283 976 iunctus
1310 935 1424 976 fossa

70 997 143 1036 aut
184 997 245 1035 ita
288 995 460 1048 arduus,
504 997 552 1035 ut
595 1009 690 1035 eum
734 994 1024 1035 transcendere
1064 1009 1152 1035 non
1193 997 1248 1035 sit
1287 995 1420 1036 facile.
1443 1010 1476 1036 15

70 1055 150 1096 hoc
189 1069 322 1109 genus
366 1068 508 1108 saepes
547 1054 637 1094 fieri
678 1054 905 1095 seeundum
943 1057 1030 1095 vias
1062 1054 1253 1108 publicas
1287 1054 1425 1095 solent

72 1117 113 1155 et
145 1113 373 1154 secundum
405 1128 559 1155 amnes.
609 1113 660 1154 ad
686 1116 796 1154 viam
824 1112 1027 1155 Salariam
1052 1117 1098 1154 in
1124 1128 1225 1168 agro
1253 1111 1424 1155 Crustu-

70 1176 185 1214 mino
217 1173 355 1214 videre
387 1174 485 1214 licet
515 1175 618 1214 locis
652 1174 815 1227 aliquot
846 1176 1091 1214 coniunctos
1124 1187 1297 1227 aggeres
1330 1187 1425 1214 eum

72 1234 215 1287 fossis,
255 1247 308 1274 ne
351 1232 509 1274 flumen
552 1235 664 1287 agris
708 1235 867 1274 noceat.
937 1247 1109 1287 aggeres
1142 1233 1303 1274 faciunt
1335 1235 1424 1274 sine

71 1294 203 1334 fossa:
236 1307 305 1334 eos
339 1293 510 1346 quidam
541 1295 693 1333 vocant
718 1307 872 1345 11111105,
906 1295 953 1332 ut
977 1295 1023 1333 in
1049 1307 1150 1347 agro
1176 1291 1424 1345 Re<a>tino.
1444 1309 1479 1334 20

31 1353 270 1407 4quartum
301 1352 450 1393 fabrile
483 1354 788 1406 saepimentum
820 1355 883 1393 est
913 1355 1202 1405 novissimum,
1237 1355 1425 1393 maceria.

73 1412 197 1452 huius
237 1412 321 1452 fere
363 1414 517 1465 speeies
558 1414 775 1465 quattuor,
820 1411 932 1465 quod
975 1411 1084 1453 fiunt
1120 1427 1141 1453 e
1178 1412 1334 1466 lapide,
1378 1414 1426 1452 ut

73 1475 118 1512 in
159 1486 260 1526 agro
305 1471 562 1525 Tusculano,
613 1471 726 1525 quod
770 1486 790 1512 e
838 1471 1039 1512 lateribus
1091 1471 1329 1525 coctilibus,
1378 1473 1426 1511 ut
1464 1503 1470 1509 .

73 1534 118 1571 in
157 1545 258 1585 agro
291 1530 472 1584 Gallico,
517 1531 630 1585 quod
669 1546 689 1571 e
726 1530 926 1572 lateribus
969 1531 1124 1584 crudis,
1168 1533 1216 1571 ut
1246 1533 1292 1571 in
1323 1544 1425 1584 agro

75 1590 243 1643 Sabino,
285 1590 398 1644 quod
430 1606 479 1631 ex
510 1594 621 1631 terra
652 1593 692 1631 et
723 1591 881 1645 lapillis
915 1593 1158 1644 compositis
1190 1593 1236 1631 in
1267 1590 1426 1643 formis,
1446 1606 1479 1632 25

75 1653 122 1691 ut
153 1653 198 1691 in
228 1649 437 1703 Hispania
468 1649 565 1704 e<t>
596 1664 697 1704 agro
730 1649 969 1691 Tarentino.

0 1719 62 1754 XV
193 1709 412 1750 Praeterea
443 1712 532 1750 sine
558 1712 711 1763 saeptis
738 1709 841 1750 fines
868 1708 1062 1763 praedi[i]
1090 1711 1251 1750 satione
1277 1707 1426 1763 [notis]

75 1769 271 1810 arborum
302 1771 478 1810 tutiores
511 1769 636 1822 fiunt,
679 1784 731 1810 ne
772 1769 955 1810 familiae
986 1767 1210 1822 rixent[ur]
1243 1783 1339 1809 eum
1368 1771 1427 1809 vi-

76 1831 179 1869 cinis
213 1844 259 1869 ac
287 1830 442 1869 limites
470 1844 518 1869 ex
544 1829 690 1869 litibus
717 1829 896 1869 iudicem
922 1831 1135 1883 quaerant.
1186 1830 1330 1869 serunt
1355 1828 1428 1868 alii

75 1891 231 1929 circum
268 1891 408 1942 pinos,
455 1891 501 1928 ut
524 1885 664 1929 habet
700 1903 806 1929 uxor
845 1891 891 1929 in
923 1887 1107 1941 Sabinis,
1153 1888 1226 1928 alii
1264 1902 1427 1942 cupres-
1447 1902 1482 1928 30

77 1962 161 2001 sos,
206 1950 253 1988 ut
292 1962 368 2001 ego
408 1947 537 1988 habui
574 1951 620 1989 in
657 1947 860 2001 Vesuvio,
905 1949 976 1988 alii
1017 1949 1173 2000 ulmos,
1217 1949 1265 1988 ut
1303 1948 1428 1988 multi

195 2083 213 2109 4
239 2075 331 2110 vivit
358 2076 504 2121 [saepis]
530 2077 670 2120 scripsi.
710 2076 819 2110 uiuae
840 2076 959 2120 saepis
981 2076 1059 2120 (del.
1085 2076 1232 2120 Gesner)
1253 2077 1265 2120 ΙΙ
1284 2082 1303 2108 6
1323 2085 1427 2118 saepe

77 2126 131 2158 est
156 2124 309 2167 agrestis
337 2134 355 2157 e
380 2123 481 2167 ligno
509 2125 606 2159 Keil.
646 2135 727 2167 seps
755 2126 894 2168 (saepes
922 2123 969 2168 V)
991 2126 1044 2157 est
1064 2134 1107 2157 ex
1127 2123 1262 2167 agresti
1282 2121 1429 2214 eligno³1

79 2178 92 2204 7
122 2174 157 2205 et
181 2171 350 2215 virgultis
381 2183 415 2205 m
447 2176 479 2206 et
509 2172 584 2206 eod
619 2171 722 2206 Flor.
749 2171 941 2216 euirgultis
973 2172 984 2216 {l
1014 2178 1048 2204 11
1079 2182 1166 2215 ager
1192 2173 1318 2215 <agger
1426 2181 1429 2238 ³

77 2226 112 2252 14
145 2230 258 2263 agger
289 2219 320 2252 is
355 2219 557 2254 Iueundus.
620 2219 765 2263 aggeris
803 2221 814 2264 ΙΙ
851 2225 886 2252 18
918 2219 1071 2262 aliquod
1100 2221 1112 2263 ss
1143 2225 1181 2252 2⁰
1218 2218 1303 2252 add.
1336 2170 1429 2262 mvi

78 2274 113 2300 21
145 2269 323 2310 quantum
349 2268 532 2309 <quartum
570 2268 708 2311 apogr.)
740 2269 752 2311 ΙΙ
782 2273 822 2300 26
853 2266 1024 2310 hispania
1056 2268 1091 2300 et
1115 2277 1146 2301 v.
1207 2264 1399 2309 hispaniae
1418 2267 1429 2303 [Ι

78 2321 114 2348 27
143 2314 281 2348 satione
307 2314 508 2349 Schneider.
560 2314 710 2349 sationis
736 2314 832 2348 notis
851 2316 863 2359 ΙΙ
883 2321 920 2348 28
946 2314 1011 2349 del.
1038 2325 1081 2348 eae
1106 2314 1231 2349 Nonio
1249 2315 1261 2358 ΙΙ
