1560 2506
403 62 570 97 RERVM
594 61 900 97 RVSTIcARVM
924 62 1008 96 ΜΒ.
1029 63 1076 96 111
1103 66 1121 97 9
1353 63 1434 119 135

87 159 136 201 de
167 160 360 201 clunibus
394 161 607 213 coeperint
637 159 788 200 habere
818 162 988 213 pinnas,
1031 174 1051 199 e
1084 162 1234 213 capit-e,
1274 175 1294 200 e
1327 162 1434 203 collo

86 233 230 260 eorum
270 218 412 260 crebro
455 218 637 272 eligendi
678 218 821 272 pedes:
867 233 987 272 saepe
1020 221 1131 259 enim
1161 222 1334 273 propter
1366 235 1433 262 eos
1489 261 1492 263 Α

86 280 398 320 consenescunt.
461 280 615 319 circum
653 292 795 319 caveas
836 292 979 319 eorum
1012 278 1317 319 incendendum
1350 294 1435 321 cor-

83 353 187 379 num
225 340 453 390 cervinum,
496 352 549 378 ne
587 351 691 391 quae
733 351 900 391 serpens
934 337 1116 390 accedat,
1161 352 1337 391 quarum
1368 339 1435 380 be-

49 412 64 437 5
86 399 261 438 stiarum
287 412 335 438 ex
361 396 487 437 odore
508 398 644 438 solent
662 399 844 438 interire.
882 397 1164 451 prodigendae
1183 400 1229 438 in
1249 398 1435 451 sole<m>

84 459 125 497 et
153 459 200 497 in
232 457 507 509 stercilinum,
552 459 600 496 ut
636 457 825 497 volutare
856 459 1038 510 possint,
1084 457 1196 510 quod
1226 459 1286 497 ita
1318 458 1435 499 alibi-

82 516 206 557 liores
249 515 375 569 fiunt;
423 529 558 569 neque
600 516 758 569 pullos,
810 516 880 556 sed
924 530 1045 556 omne
1090 516 1434 558 ornithoboscion
1452 518 1504 559 15

83 589 177 616 cum
225 577 397 628 aestate,
446 577 538 615 tum
580 577 726 628 utique
770 589 864 616 cum
913 577 1138 629 tempestas
1190 578 1243 616 sit
1292 578 1432 618 mollis

83 636 206 688 atque
255 637 459 688 apricum3
509 636 673 675 intento
725 649 850 688 supra
900 637 1001 687 lete,
1052 635 1164 688 quod
1212 635 1435 689 prohibeat

30 709 63 735 ιο
84 708 150 734 eas
195 695 311 734 extra
355 696 498 747 saepta
542 695 704 734 evolare
749 696 790 734 et
832 697 877 734 in
928 709 993 734 eas
1043 695 1230 735 involare
1281 698 1433 736 extrin-

82 767 198 794 secus
244 755 483 807 accipitrem
528 755 600 793 aut
644 753 745 806 quid
788 754 910 806 aliut3
955 756 1181 794 evitantem
1225 755 1432 795 caldorem

82 814 122 853 et
146 812 293 866 frigus,
320 812 431 866 quod
456 814 681 866 utrumque
704 815 756 853 iis
783 813 1013 853 adversum.
1064 828 1158 854 cum
1177 816 1262 854 iam
1280 817 1431 868 pinnas

80 871 306 925 habebunt,
339 871 737 913 consuefaciundum
767 874 816 912 ut
843 887 971 913 unam
997 875 1068 913 aut
1095 873 1195 913 duas
1224 876 1434 915 sect-entur

80 931 278 985 gallinas,
323 934 479 972 ceterae
522 933 570 972 ut
612 933 754 985 potius
800 931 851 972 ad
892 932 1141 985 pariendum
1185 934 1270 973 sint
1314 948 1432 987 expe-

28 1006 60 1032 15
81 991 208 1043 ditae,
249 1005 374 1044 quam
410 993 456 1031 in
492 993 706 1032 nutricatu
739 994 974 1045 occupatae.
1036 991 1233 1033 incubare
1266 996 1432 1047 oportet
1450 994 1501 1034 16

78 1052 262 1103 incipere
295 1050 522 1091 secundum
552 1065 706 1091 novam
737 1051 892 1103 lunam,
926 1051 1037 1104 quod
1070 1051 1153 1091 fere
1186 1065 1291 1105 quae
1323 1055 1430 1105 ante,

78 1110 277 1163 pleraque
310 1124 398 1150 non
430 1110 667 1150 succedunt.
731 1109 874 1150 diebus
908 1110 992 1150 fere
1023 1113 1177 1164 viginti
1210 1112 1430 1153 excudunt.

79 1168 128 1210 de
166 1169 318 1222 quibus
357 1170 553 1210 villaticis
588 1172 787 1223 quoniam
818 1170 885 1210 vel
914 1172 1093 1210 nimium
1126 1170 1299 1224 dictum,
1344 1171 1432 1212 bre-

78 1229 207 1269 vitate
238 1229 399 1282 reliqua
430 1228 721 1282 compensabo.

26 1303 60 1328 20
200 1287 391 1329 Gallinae
440 1290 620 1329 rusticae
671 1290 769 1328 sunt
817 1291 863 1329 in
912 1288 1014 1329 urbe
1064 1303 1179 1329 rarae
1228 1304 1303 1330 nec
1348 1291 1431 1331 fere

78 1346 217 1400 (nisi)
265 1349 507 1388 mansuetae
549 1349 595 1388 in
639 1361 762 1388 cavea
804 1347 999 1388 videntur
1048 1347 1222 1402 Romae,
1274 1350 1429 1390 similes

78 1407 182 1448 facie
218 1421 305 1447 non
341 1406 406 1447 his
445 1407 616 1460 gallinis
654 1407 850 1448 villaticis
883 1410 1058 1460 nostris,
1103 1408 1174 1449 sed
1206 1407 1428 1450 Africanis.

78 1468 248 1520 aspectu
289 1480 335 1506 ac
375 1466 479 1506 facie
516 1468 870 1507 incontaminatae
907 1469 953 1507 in
991 1467 1208 1509 ornatibus
1247 1467 1427 1521 publicis
1446 1469 1497 1509 17

78 1527 215 1566 solent
250 1528 353 1579 poni
392 1539 486 1565 cum
522 1527 713 1580 psittacis
752 1540 798 1566 ac
830 1527 1000 1567 merulis
1035 1526 1158 1579 albis,
1202 1530 1303 1567 item
1335 1529 1426 1568 aliis

24 1599 57 1625 25
75 1584 123 1625 id.
161 1599 294 1639 genus
339 1584 461 1625 rebus
506 1586 732 1626 inusitatis.
802 1600 937 1640 neque
981 1586 1064 1627 fere
1111 1589 1156 1627 in
1196 1588 1307 1627 villis
1351 1602 1428 1628 ova

78 1658 124 1685 ac
154 1645 295 1698 pullos
327 1644 499 1697 faciunt,
533 1643 603 1684 sed
633 1646 680 1685 in
711 1645 839 1685 silvis.
890 1645 940 1685 ab
973 1645 1038 1686 his
1070 1647 1241 1700 gallinis
1277 1646 1428 1687 dicitur

76 1704 216 1744 insula
259 1702 490 1744 Gallinaria
535 1704 760 1757 appellata,
805 1718 910 1758 quae
955 1707 1017 1745 est
1059 1708 1104 1746 in
1147 1708 1252 1746 mari
1290 1705 1425 1747 Tusco

77 1762 305 1804 secundum
335 1762 502 1813 Italiam
534 1766 680 1804 contra
710 1765 873 1804 montes
906 1763 1122 1818 Liguscos,
1163 1763 1426 1818 Intimilium,

77 1820 236 1862 Album
283 1811 540 1876 Ingaunum·
593 1823 665 1863 alii
715 1822 766 1862 ab
816 1822 880 1863 his
932 1824 1127 1864 villaticis
1177 1826 1352 1865 invectis
1404 1840 1427 1865 a

22 1883 233 1934 sonantis,
276 1881 336 1921 ibi
379 1881 476 1922 feris
521 1881 641 1922 factis
679 1884 919 1935 procreatis.
981 1884 1164 1937 gallinae
1202 1882 1424 1924 Africanae
1443 1884 1495 1925 18

77 1942 175 1981 sunt
205 1940 396 1994 grandes,
432 1943 580 1994 variae,
618 1940 877 1995 gibber[i]ae‚
916 1956 1018 1996 quas
1050 1943 1324 1997 meleagridas
1357 1958 1426 1997 ap-

74 2000 236 2053 pellant
272 1998 429 2041 Graeci.
490 1999 591 2041 haec
629 2003 882 2042 novissimae
922 2004 967 2042 in
1007 2003 1238 2043 triclinium
1280 2017 1425 2043 cenan-

193 2121 211 2148 5
238 2115 323 2150 add.
350 2115 542 2150 Iucundus
572 2116 583 2159 Η
615 2122 632 2148 6
661 2116 823 2150 volutare
852 2128 880 2150 v.
930 2117 1084 2152 uolitare
1107 2119 1110 2162 1
1134 2118 1332 2152 alibiliores
1359 2119 1423 2152 Iu-

77 2163 228 2197 cundus.
280 2163 462 2197 alibiliora
488 2165 499 2207 ΙΙ
525 2169 543 2196 9
569 2163 689 2206 adque
720 2166 730 2208 Η
762 2170 795 2197 11
822 2165 1033 2198 evitandum
1065 2165 1220 2200 Lrsinus
1249 2167 1261 2210 ΙΙ
1292 2172 1327 2199 21
1352 2166 1424 2199 nisi

75 2212 285 2244 mansuetae
311 2210 349 2244 in
376 2211 471 2245 Keil.
521 2212 732 2245 mansuetae
759 2211 831 2245 sint
857 2212 948 2255 (sine
982 2212 1028 2256 V)
1060 2214 1071 2257 ΙΙ
1102 2219 1139 2246 22
1165 2213 1222 2246 his
1248 2225 1277 2248 v
1329 2213 1389 2246 hic
1413 2213 1424 2254 1²

76 2263 114 2289 28
140 2256 354 2290 Intimilium
381 2258 593 2292 Mommsen
638 2257 864 2292 intiminium
882 2260 893 2304 ss
913 2265 948 2292 31
975 2260 1039 2294 del.
1061 2272 1094 2294 m
1117 2264 1148 2294 et
1174 2260 1249 2295 cod.
1272 2261 1392 2295 Parzsss
1411 2260 1423 2304 '5

76 2310 114 2337 32
141 2315 193 2347 sq.
221 2305 427 2338 cenantium
453 2305 827 2351 Keil.genanium11
