<?xml version="1.0" encoding="UTF-8"?>
<!DOCTYPE html PUBLIC "-//W3C//DTD XHTML 1.0 Transitional//EN"
    "http://www.w3.org/TR/xhtml1/DTD/xhtml1-transitional.dtd">
<html xmlns="http://www.w3.org/1999/xhtml" xml:lang="en" lang="en">
 <head>
  <title>
</title>
<meta http-equiv="Content-Type" content="text/html;charset=utf-8" />
  <meta name='ocr-system' content='tesseract 3.04.00' />
  <meta name='ocr-capabilities' content='ocr_page ocr_carea ocr_par ocr_line ocrx_word'/>
</head>
<body>
  <div class='ocr_page' id='page_1' title='image "./rerumrusticaruml00varruoft_0022.png"; bbox 0 0 1560 2407; ppageno 0'>
   <div class='ocr_carea' id='block_1_1' title="bbox 199 43 1014 107">
    <p class='ocr_par' dir='ltr' id='par_1_1' title="bbox 199 43 1014 107">
     <span class='ocr_line' id='line_1_1' title="bbox 199 43 1014 107; baseline -0.001 -1"><span class='ocrx_word' id='word_1_1' title='bbox 199 71 282 107; x_wconf 80' lang='lat' dir='ltr'>XVI</span> <span class='ocrx_word' id='word_1_2' title='bbox 745 43 1014 105; x_wconf 71' lang='lat' dir='ltr'><strong>PRAEFATIO</strong></span> 
     </span>
    </p>
   </div>
   <div class='ocr_carea' id='block_1_2' title="bbox 199 169 1560 519">
    <p class='ocr_par' dir='ltr' id='par_1_2' title="bbox 199 169 1560 519">
     <span class='ocr_line' id='line_1_2' title="bbox 202 169 1560 221; baseline -0.001 -11"><span class='ocrx_word' id='word_1_3' title='bbox 202 173 305 220; x_wconf 84' lang='lat'>149,</span> <span class='ocrx_word' id='word_1_4' title='bbox 327 172 364 209; x_wconf 82' lang='lat'>8.</span> <span class='ocrx_word' id='word_1_5' title='bbox 414 169 601 221; x_wconf 73' lang='lat' dir='ltr'>quzsbus]</span> <span class='ocrx_word' id='word_1_6' title='bbox 633 171 808 210; x_wconf 85' lang='lat' dir='ltr'>Schoell.</span> <span class='ocrx_word' id='word_1_7' title='bbox 845 193 901 197; x_wconf 85' lang='lat'>—-</span> <span class='ocrx_word' id='word_1_8' title='bbox 943 173 1045 219; x_wconf 94' lang='lat'>151,</span> <span class='ocrx_word' id='word_1_9' title='bbox 1067 173 1104 209; x_wconf 91' lang='grc'>4.</span> <span class='ocrx_word' id='word_1_10' title='bbox 1148 172 1367 219; x_wconf 71' lang='lat' dir='ltr'>perterrent</span> <span class='ocrx_word' id='word_1_11' title='bbox 1397 173 1431 208; x_wconf 79' lang='lat' dir='ltr'>et</span> <span class='ocrx_word' id='word_1_12' title='bbox 1459 169 1560 209; x_wconf 83' lang='lat' dir='ltr'>Ellis</span> 
     </span>
     <span class='ocr_line' id='line_1_3' title="bbox 199 231 1560 282; baseline -0.001 -13"><span class='ocrx_word' id='word_1_13' title='bbox 199 232 225 270; x_wconf 91' lang='lat'>1.</span> <span class='ocrx_word' id='word_1_14' title='bbox 246 243 276 270; x_wconf 88' lang='lat' dir='ltr'>s.</span> <span class='ocrx_word' id='word_1_15' title='bbox 297 243 327 269; x_wconf 85' lang='lat' dir='ltr'>s.</span> <span class='ocrx_word' id='word_1_16' title='bbox 348 244 386 282; x_wconf 88' lang='lat' dir='ltr'>p.</span> <span class='ocrx_word' id='word_1_17' title='bbox 410 233 506 269; x_wconf 81' lang='grc'><strong>301.</strong></span> <span class='ocrx_word' id='word_1_18' title='bbox 538 253 577 257; x_wconf 83' lang='grc'><strong>-</strong></span> <span class='ocrx_word' id='word_1_19' title='bbox 597 232 691 279; x_wconf 81' lang='grc'><strong>152,</strong></span> <span class='ocrx_word' id='word_1_20' title='bbox 708 232 744 269; x_wconf 86' lang='grc'><strong>3.</strong></span> <span class='ocrx_word' id='word_1_21' title='bbox 780 233 860 269; x_wconf 80' lang='lat' dir='ltr'>sive</span> <span class='ocrx_word' id='word_1_22' title='bbox 879 231 980 269; x_wconf 85' lang='lat' dir='ltr'>Ellis</span> <span class='ocrx_word' id='word_1_23' title='bbox 1000 232 1024 268; x_wconf 94' lang='lat' dir='ltr'>l.</span> <span class='ocrx_word' id='word_1_24' title='bbox 1045 243 1075 269; x_wconf 87' lang='lat' dir='ltr'>s.</span> <span class='ocrx_word' id='word_1_25' title='bbox 1096 243 1126 269; x_wconf 87' lang='lat' dir='ltr'>s.</span> <span class='ocrx_word' id='word_1_26' title='bbox 1147 244 1185 281; x_wconf 87' lang='lat' dir='ltr'>p.</span> <span class='ocrx_word' id='word_1_27' title='bbox 1208 231 1364 269; x_wconf 59' lang='lat'>302—</span> <span class='ocrx_word' id='word_1_28' title='bbox 1383 231 1478 278; x_wconf 89' lang='lat'>153,</span> <span class='ocrx_word' id='word_1_29' title='bbox 1495 233 1560 269; x_wconf 85' lang='grc'>17.</span> 
     </span>
     <span class='ocr_line' id='line_1_4' title="bbox 199 290 1560 341; baseline -0.001 -12"><span class='ocrx_word' id='word_1_30' title='bbox 199 294 243 329; x_wconf 72' lang='lat' dir='ltr'>ut</span> <span class='ocrx_word' id='word_1_31' title='bbox 273 301 419 340; x_wconf 77' lang='lat' dir='ltr'>aquam</span> <span class='ocrx_word' id='word_1_32' title='bbox 452 294 484 329; x_wconf 75' lang='lat' dir='ltr'>et</span> <span class='ocrx_word' id='word_1_33' title='bbox 509 291 679 329; x_wconf 74' lang='lat' dir='ltr'>tolerari</span> <span class='ocrx_word' id='word_1_34' title='bbox 704 303 826 341; x_wconf 85' lang='lat' dir='ltr'>posse</span> <span class='ocrx_word' id='word_1_35' title='bbox 853 290 994 329; x_wconf 85' lang='lat' dir='ltr'>censui</span> <span class='ocrx_word' id='word_1_36' title='bbox 1019 290 1269 329; x_wconf 73' lang='lat' dir='ltr'><strong>dubitanter.</strong></span> <span class='ocrx_word' id='word_1_37' title='bbox 1290 312 1346 316; x_wconf 91' lang='lat'>—-</span> <span class='ocrx_word' id='word_1_38' title='bbox 1376 291 1472 338; x_wconf 84' lang='lat'>154,</span> <span class='ocrx_word' id='word_1_39' title='bbox 1494 292 1560 328; x_wconf 91' lang='lat'>11.</span> 
     </span>
     <span class='ocr_line' id='line_1_5' title="bbox 199 349 1560 398; baseline 0 -10"><span class='ocrx_word' id='word_1_40' title='bbox 199 350 268 388; x_wconf 89' lang='lat' dir='ltr'>Ad</span> <span class='ocrx_word' id='word_1_41' title='bbox 294 350 528 388; x_wconf 60' lang='lat' dir='ltr'>Hortensius</span> <span class='ocrx_word' id='word_1_42' title='bbox 555 351 720 398; x_wconf 73' lang='lat' dir='ltr'>Quintus</span> <span class='ocrx_word' id='word_1_43' title='bbox 746 350 796 388; x_wconf 81' lang='lat' dir='ltr'>cf.</span> <span class='ocrx_word' id='word_1_44' title='bbox 821 349 1007 388; x_wconf 54' lang='lat' dir='ltr'>Scaea-ola</span> <span class='ocrx_word' id='word_1_45' title='bbox 1034 350 1199 398; x_wconf 75' lang='lat' dir='ltr'><strong><em>Quintus</em></strong></span> <span class='ocrx_word' id='word_1_46' title='bbox 1225 349 1276 388; x_wconf 91' lang='lat' dir='ltr'>de</span> <span class='ocrx_word' id='word_1_47' title='bbox 1302 349 1326 387; x_wconf 87' lang='lat'>1.</span> <span class='ocrx_word' id='word_1_48' title='bbox 1346 350 1416 388; x_wconf 80' lang='lat' dir='ltr'>lat.</span> <span class='ocrx_word' id='word_1_49' title='bbox 1435 349 1472 387; x_wconf 94' lang='lat' dir='ltr'><strong>V</strong></span> <span class='ocrx_word' id='word_1_50' title='bbox 1493 351 1560 388; x_wconf 87' lang='lat'>83.</span> 
     </span>
     <span class='ocr_line' id='line_1_6' title="bbox 202 409 1560 460; baseline 0.001 -13"><span class='ocrx_word' id='word_1_51' title='bbox 202 432 258 436; x_wconf 90' lang='lat'>—</span> <span class='ocrx_word' id='word_1_52' title='bbox 289 411 384 458; x_wconf 89' lang='lat'>155,</span> <span class='ocrx_word' id='word_1_53' title='bbox 408 411 473 447; x_wconf 88' lang='grc'>16.</span> <span class='ocrx_word' id='word_1_54' title='bbox 516 412 556 447; x_wconf 76' lang='lat' dir='ltr'>in</span> <span class='ocrx_word' id='word_1_55' title='bbox 582 410 740 447; x_wconf 69' lang='lat' dir='ltr'>Baiano</span> <span class='ocrx_word' id='word_1_56' title='bbox 766 412 894 447; x_wconf 73' lang='lat' dir='ltr'>autem</span> <span class='ocrx_word' id='word_1_57' title='bbox 911 410 1105 457; x_wconf 76' lang='lat' dir='ltr'><em>paradiso</em></span> <span class='ocrx_word' id='word_1_58' title='bbox 1129 409 1232 447; x_wconf 88' lang='lat' dir='ltr'>Ellis</span> <span class='ocrx_word' id='word_1_59' title='bbox 1257 409 1282 446; x_wconf 92' lang='lat' dir='ltr'>l.</span> <span class='ocrx_word' id='word_1_60' title='bbox 1303 421 1333 447; x_wconf 90' lang='lat' dir='ltr'>s.</span> <span class='ocrx_word' id='word_1_61' title='bbox 1353 421 1383 447; x_wconf 88' lang='lat' dir='ltr'>s.</span> <span class='ocrx_word' id='word_1_62' title='bbox 1404 422 1442 460; x_wconf 88' lang='lat' dir='ltr'>p.</span> <span class='ocrx_word' id='word_1_63' title='bbox 1465 410 1560 449; x_wconf 80' lang='lat'>302.</span> 
     </span>
     <span class='ocr_line' id='line_1_7' title="bbox 199 468 1560 519; baseline 0 -12"><span class='ocrx_word' id='word_1_64' title='bbox 199 490 259 496; x_wconf 89' lang='lat'><strong>—</strong></span> <span class='ocrx_word' id='word_1_65' title='bbox 289 471 384 518; x_wconf 89' lang='lat'>155,</span> <span class='ocrx_word' id='word_1_66' title='bbox 407 471 473 507; x_wconf 86' lang='lat'>23.</span> <span class='ocrx_word' id='word_1_67' title='bbox 523 469 586 507; x_wconf 90' lang='lat' dir='ltr'>De</span> <span class='ocrx_word' id='word_1_68' title='bbox 613 469 817 519; x_wconf 78' lang='lat' dir='ltr'>scriptura</span> <span class='ocrx_word' id='word_1_69' title='bbox 844 469 1051 506; x_wconf 74' lang='lat' dir='ltr'>occidimus</span> <span class='ocrx_word' id='word_1_70' title='bbox 1078 468 1127 506; x_wconf 82' lang='lat' dir='ltr'>cf.</span> <span class='ocrx_word' id='word_1_71' title='bbox 1153 469 1265 506; x_wconf 75' lang='lat' dir='ltr'>Fest.</span> <span class='ocrx_word' id='word_1_72' title='bbox 1290 481 1329 518; x_wconf 89' lang='lat' dir='ltr'>p.</span> <span class='ocrx_word' id='word_1_73' title='bbox 1352 470 1472 517; x_wconf 72' lang='lat'>181⁵,</span> <span class='ocrx_word' id='word_1_74' title='bbox 1495 469 1560 507; x_wconf 91' lang='grc'><strong>10.</strong></span> 
     </span>
    </p>
   </div>
   <div class='ocr_carea' id='block_1_3' title="bbox 198 574 1560 924">
    <p class='ocr_par' dir='ltr' id='par_1_3' title="bbox 198 574 1560 924">
     <span class='ocr_line' id='line_1_8' title="bbox 320 574 1560 626; baseline 0.001 -12"><span class='ocrx_word' id='word_1_75' title='bbox 320 576 470 614; x_wconf 72' lang='lat' dir='ltr'>Restat</span> <span class='ocrx_word' id='word_1_76' title='bbox 495 579 543 614; x_wconf 71' lang='lat' dir='ltr'>ut</span> <span class='ocrx_word' id='word_1_77' title='bbox 568 579 709 626; x_wconf 80' lang='lat' dir='ltr'><strong>grates</strong></span> <span class='ocrx_word' id='word_1_78' title='bbox 736 588 857 625; x_wconf 86' lang='lat' dir='ltr'>agam</span> <span class='ocrx_word' id='word_1_79' title='bbox 882 574 1141 614; x_wconf 83' lang='lat' dir='ltr'>Friderico</span> <span class='ocrx_word' id='word_1_80' title='bbox 1169 574 1196 613; x_wconf 84' lang='lat' dir='ltr'>S</span> <span class='ocrx_word' id='word_1_81' title='bbox 1207 575 1294 613; x_wconf 82' lang='lat' dir='ltr'>eho</span> <span class='ocrx_word' id='word_1_82' title='bbox 1305 575 1388 624; x_wconf 94' lang='lat' dir='ltr'>ell,</span> <span class='ocrx_word' id='word_1_83' title='bbox 1415 575 1485 626; x_wconf 79' lang='lat' dir='ltr'>qui</span> <span class='ocrx_word' id='word_1_84' title='bbox 1509 587 1560 615; x_wconf 90' lang='lat' dir='ltr'>ne</span> 
     </span>
     <span class='ocr_line' id='line_1_9' title="bbox 201 634 1560 686; baseline 0.001 -13"><span class='ocrx_word' id='word_1_85' title='bbox 201 635 296 673; x_wconf 84' lang='lat' dir='ltr'>huic</span> <span class='ocrx_word' id='word_1_86' title='bbox 329 635 494 686; x_wconf 88' lang='lat' dir='ltr'>quidem</span> <span class='ocrx_word' id='word_1_87' title='bbox 533 635 730 685; x_wconf 81' lang='lat' dir='ltr'>opusculo</span> <span class='ocrx_word' id='word_1_88' title='bbox 768 635 940 673; x_wconf 77' lang='lat' dir='ltr'>amicam</span> <span class='ocrx_word' id='word_1_89' title='bbox 978 647 1147 684; x_wconf 77' lang='lat' dir='ltr'>operam</span> <span class='ocrx_word' id='word_1_90' title='bbox 1183 634 1424 685; x_wconf 74' lang='lat' dir='ltr'>denegavit,</span> <span class='ocrx_word' id='word_1_91' title='bbox 1460 635 1560 674; x_wconf 76' lang='lat' dir='ltr'>item</span> 
     </span>
     <span class='ocr_line' id='line_1_10' title="bbox 204 694 1560 746; baseline 0.001 -13"><span class='ocrx_word' id='word_1_92' title='bbox 204 694 425 733; x_wconf 71' lang='lat' dir='ltr'>Gustavo</span> <span class='ocrx_word' id='word_1_93' title='bbox 460 694 722 732; x_wconf 82' lang='lat' dir='ltr'>Friedrich</span> <span class='ocrx_word' id='word_1_94' title='bbox 761 697 804 732; x_wconf 70' lang='lat' dir='ltr'>et</span> <span class='ocrx_word' id='word_1_95' title='bbox 840 694 1053 732; x_wconf 73' lang='lat' dir='ltr'>Ernesto</span> <span class='ocrx_word' id='word_1_96' title='bbox 1091 694 1254 742; x_wconf 90' lang='lat' dir='ltr'>Diehl,</span> <span class='ocrx_word' id='word_1_97' title='bbox 1293 694 1363 746; x_wconf 83' lang='lat' dir='ltr'>qui</span> <span class='ocrx_word' id='word_1_98' title='bbox 1399 696 1560 745; x_wconf 77' lang='lat' dir='ltr'>partem</span> 
     </span>
     <span class='ocr_line' id='line_1_11' title="bbox 200 753 1560 806; baseline 0 -14"><span class='ocrx_word' id='word_1_99' title='bbox 200 754 460 805; x_wconf 79' lang='lat' dir='ltr'>plagularum</span> <span class='ocrx_word' id='word_1_100' title='bbox 473 756 767 805; x_wconf 72' lang='lat' dir='ltr'>percurrerunt</span> <span class='ocrx_word' id='word_1_101' title='bbox 776 768 783 801; x_wconf 77' lang='lat'><em>3</em></span> <span class='ocrx_word' id='word_1_102' title='bbox 799 753 976 804; x_wconf 88' lang='lat' dir='ltr'>denique</span> <span class='ocrx_word' id='word_1_103' title='bbox 987 754 1026 791; x_wconf 90' lang='lat' dir='ltr'>A</span> <span class='ocrx_word' id='word_1_104' title='bbox 1035 766 1056 792; x_wconf 93' lang='lat' dir='ltr'>e</span> <span class='ocrx_word' id='word_1_105' title='bbox 1065 754 1201 792; x_wconf 91' lang='lat' dir='ltr'>milio</span> <span class='ocrx_word' id='word_1_106' title='bbox 1215 753 1257 791; x_wconf 89' lang='lat' dir='ltr'><strong>H</strong></span> <span class='ocrx_word' id='word_1_107' title='bbox 1265 766 1287 792; x_wconf 91' lang='lat' dir='ltr'>e</span> <span class='ocrx_word' id='word_1_108' title='bbox 1295 753 1372 806; x_wconf 46' lang='lat' dir='ltr'>rf·u</span> <span class='ocrx_word' id='word_1_109' title='bbox 1380 753 1477 802; x_wconf 71' lang='lat' dir='ltr'>rth,</span> <span class='ocrx_word' id='word_1_110' title='bbox 1492 754 1560 805; x_wconf 92' lang='lat' dir='ltr'>qui</span> 
     </span>
     <span class='ocr_line' id='line_1_12' title="bbox 201 813 1560 864; baseline 0.001 -13"><span class='ocrx_word' id='word_1_111' title='bbox 201 826 285 851; x_wconf 90' lang='lat' dir='ltr'>non</span> <span class='ocrx_word' id='word_1_112' title='bbox 310 813 433 851; x_wconf 88' lang='lat' dir='ltr'>modo</span> <span class='ocrx_word' id='word_1_113' title='bbox 459 813 648 864; x_wconf 83' lang='lat' dir='ltr'>plagulas</span> <span class='ocrx_word' id='word_1_114' title='bbox 673 826 834 851; x_wconf 82' lang='lat' dir='ltr'>mecum</span> <span class='ocrx_word' id='word_1_115' title='bbox 860 813 1051 862; x_wconf 77' lang='lat' dir='ltr'>correxit,</span> <span class='ocrx_word' id='word_1_116' title='bbox 1076 813 1149 852; x_wconf 86' lang='lat' dir='ltr'>sed</span> <span class='ocrx_word' id='word_1_117' title='bbox 1175 814 1300 851; x_wconf 76' lang='lat' dir='ltr'>etiam</span> <span class='ocrx_word' id='word_1_118' title='bbox 1321 813 1500 852; x_wconf 84' lang='lat' dir='ltr'>indicem</span> <span class='ocrx_word' id='word_1_119' title='bbox 1518 814 1560 852; x_wconf 89' lang='lat' dir='ltr'>in</span> 
     </span>
     <span class='ocr_line' id='line_1_13' title="bbox 198 872 1376 924; baseline 0.001 -14"><span class='ocrx_word' id='word_1_120' title='bbox 198 885 292 911; x_wconf 88' lang='lat' dir='ltr'>eam</span> <span class='ocrx_word' id='word_1_121' title='bbox 319 886 440 924; x_wconf 86' lang='lat' dir='ltr'>quam</span> <span class='ocrx_word' id='word_1_122' title='bbox 466 873 634 911; x_wconf 86' lang='lat' dir='ltr'>exhibui</span> <span class='ocrx_word' id='word_1_123' title='bbox 659 873 834 911; x_wconf 85' lang='lat' dir='ltr'>formam</span> <span class='ocrx_word' id='word_1_124' title='bbox 858 885 950 911; x_wconf 86' lang='lat' dir='ltr'>meo</span> <span class='ocrx_word' id='word_1_125' title='bbox 977 876 1128 923; x_wconf 75' lang='lat' dir='ltr'>rogatu</span> <span class='ocrx_word' id='word_1_126' title='bbox 1153 872 1376 911; x_wconf 73' lang='lat' dir='ltr'>revocavit.</span> 
     </span>
    </p>
   </div>
   <div class='ocr_carea' id='block_1_4' title="bbox 322 990 1389 1042">
    <p class='ocr_par' dir='ltr' id='par_1_4' title="bbox 322 990 1389 1042">
     <span class='ocr_line' id='line_1_14' title="bbox 322 990 1389 1042; baseline 0 -12"><span class='ocrx_word' id='word_1_127' title='bbox 322 991 562 1030; x_wconf 83' lang='lat' dir='ltr'>Scribebam</span> <span class='ocrx_word' id='word_1_128' title='bbox 587 992 711 1030; x_wconf 87' lang='lat' dir='ltr'>Ienae</span> <span class='ocrx_word' id='word_1_129' title='bbox 737 1005 788 1030; x_wconf 91' lang='lat' dir='ltr'>m.</span> <span class='ocrx_word' id='word_1_130' title='bbox 815 992 1008 1042; x_wconf 75' lang='lat' dir='ltr'><strong>Augusto</strong></span> <span class='ocrx_word' id='word_1_131' title='bbox 1035 1004 1069 1030; x_wconf 89' lang='lat' dir='ltr'>a.</span> <span class='ocrx_word' id='word_1_132' title='bbox 1089 990 1389 1030; x_wconf 87' lang='lat' dir='ltr'>MDCCCCXI.</span> 
     </span>
    </p>
   </div>
  </div>
 </body>
</html>
