1555 2527
68 72 122 115 28
624 71 864 107 VARRONIS

68 169 164 211 faba
213 172 254 211 et
296 170 481 224 faenum,
531 173 576 211 in
620 169 832 211 tabulatis.
911 171 1072 211 familia
1115 169 1187 210 ubi
1230 171 1418 211 versetur

67 229 389 285 providendum,
435 232 470 270 si
514 230 612 270 fessi
657 244 780 284 opere
825 232 897 270 aut
946 230 1102 284 frigore
1153 231 1226 270 aut
1270 229 1417 282 calore,

27 289 141 330 2ubi
181 289 516 331 commodissime
548 292 714 343 possint
746 304 788 330 se
821 291 959 343 quiete
992 291 1232 343 reciperare.
1302 289 1418 329 vilici

67 352 308 404 proximum
348 351 518 389 ianuam
561 349 706 389 cellam
750 363 837 389 esse
879 351 1045 403 oportet
1086 362 1262 403 euinque
1302 350 1417 401 scire,

68 411 141 463 qui
178 410 361 449 introeat
399 411 470 449 aut
509 410 626 449 exeat
662 410 790 449 noctu
824 408 975 462 quidve
1007 408 1129 461 ferat,
1173 409 1418 462 praesertim
1455 422 1471 449 5

69 470 104 509 si
145 470 343 509 ostiarius
387 470 450 509 est
492 482 627 508 nemo.
698 470 743 508 in
784 470 931 521 primis
977 468 1117 508 culina
1153 467 1332 509 videnda
1371 469 1419 507 ut

69 529 125 568 sit
168 527 353 581 admota,
405 527 517 581 quod
561 527 619 567 ibi
664 527 798 567 hieme
849 527 1107 567 antelucanis
1157 526 1418 581 temporibus

69 588 232 641 aliquot
263 602 327 627 res
362 587 652 639 conficiuntur,
689 586 805 627 cibus
838 589 1010 640 paratur
1048 600 1095 627 ac
1127 589 1301 640 capitur.
1362 586 1420 626 fa-

70 646 267 688 ciundum
310 649 436 687 etiam
475 647 676 700 plaustris
719 660 765 686 ac
806 648 940 687 cetero
981 648 1262 687 instrumento
1305 647 1419 687 omni

68 709 113 747 in
152 706 321 747 cohorte
359 708 407 746 ut
446 708 546 746 satis
584 720 739 760 magna
777 707 862 746 sint
899 707 1024 758 tecta,
1069 705 1222 759 quibus
1261 706 1420 746 caelum
1442 720 1475 745 ιο

69 766 262 820 pluvium
301 768 530 806 inimicum.
612 765 712 806 haec
756 767 867 805 enim
912 767 946 805 si
990 766 1102 805 intra
1145 765 1333 806 clausum
1375 767 1422 805 in

71 826 295 879 consaepto
335 826 375 865 et
417 824 493 865 sub
527 824 613 878 dio,
658 825 793 865 furem
823 825 948 866 modo
980 838 1068 865 non
1098 826 1310 877 metuunt,
1355 823 1422 864 ad-

30 885 213 926 3versus
252 886 543 938 tempestatem
579 886 800 926 nocentem
836 898 924 925 non
955 886 1169 925 resistunt.
1231 883 1421 925 cohortes

70 947 115 985 in
146 943 276 984 fundo
309 958 464 998 magno
501 943 605 985 duae
637 946 837 998 aptiores:
882 958 968 984 una
998 946 1046 984 ut
1076 943 1281 984 interdius
1315 957 1423 985 com-

70 1005 263 1058 pluvium
294 1003 446 1044 habeat
478 1004 631 1055 lacum,
664 1003 738 1044 ubi
771 1018 879 1057 aqua
911 1005 1050 1056 saliat,
1092 1005 1165 1057 qui
1195 1004 1309 1044 intra
1341 1005 1424 1057 sty-
1445 1018 1477 1044 15

71 1063 253 1116 lobataS,
299 1077 392 1104 cum
437 1064 555 1116 velit,
603 1066 657 1104 sit
702 1065 979 1117 semipiscina.
1053 1062 1180 1104 boves
1223 1065 1333 1103 enim
1375 1077 1423 1103 ex

72 1137 170 1164 arvo
204 1125 359 1163 aestate
391 1122 552 1164 reducti
582 1122 652 1164 hic
682 1122 852 1176 bibunt,
890 1123 957 1164 hic
989 1122 1317 1177 perfunduntur,
1347 1136 1425 1163 nec

72 1185 211 1223 minus
257 1196 277 1222 e
321 1181 478 1236 pabulo
524 1197 618 1223 cum
656 1182 870 1223 redierunt
911 1197 1093 1235 anseres,
1139 1196 1250 1235 sues,
1294 1184 1424 1236 porci.

71 1245 117 1283 in
161 1241 332 1283 cohorte
374 1244 576 1283 exteriore
614 1243 752 1283 lacum
791 1256 877 1282 esse
917 1244 1100 1296 oportet,
1144 1240 1218 1282 ubi
1248 1256 1424 1283 macere-

72 1304 141 1342 tur
184 1302 397 1356 lupinum,
447 1304 549 1342 item
593 1303 675 1342 alia
719 1316 823 1356 quae
868 1301 1048 1342 demissa
1089 1304 1136 1342 in
1179 1315 1331 1355 aquam
1375 1301 1426 1342 ad
1446 1316 1480 1342 20

32 1361 197 1402 4usum
247 1363 413 1415 aptiora
455 1361 576 1402 fiunt.
657 1361 805 1403 cohors
857 1363 1036 1402 exterior
1087 1360 1230 1402 crebro
1281 1363 1427 1415 operta

75 1423 314 1462 stramentis
369 1435 415 1461 ac
464 1422 585 1475 palea
635 1422 848 1462 occulcata
895 1420 1072 1475 pedibus
1121 1419 1329 1475 pecudum
1377 1420 1427 1461 fit

74 1482 267 1521 ministra
298 1480 442 1533 fundo,
475 1495 524 1521 ex
556 1495 603 1521 ea
629 1481 742 1535 quod
767 1481 977 1522 evehatur.
1028 1480 1255 1521 secundum
1280 1480 1426 1521 villam

75 1540 157 1581 duo
198 1539 350 1581 habere
391 1542 558 1594 oportet
600 1541 813 1581 Stercilina
855 1543 927 1581 aut
966 1555 1099 1581 unum
1134 1539 1331 1580 bifariam
1368 1539 1426 1580 diss

74 1602 223 1640 visum.
305 1600 478 1640 alteram
529 1602 640 1640 enim
684 1602 846 1654 partem
889 1600 979 1641 fieri
1024 1601 1192 1654 oportet
1235 1597 1426 1653 [villam]
1447 1615 1480 1641 25

74 1673 244 1712 novam,
290 1660 463 1700 alteram
504 1661 685 1700 veterem
725 1660 821 1701 tolli
861 1662 907 1700 in
951 1673 1116 1714 agrum,
1161 1658 1274 1713 quod
1317 1661 1428 1699 enim

76 1733 202 1772 quam
233 1733 374 1760 recens
408 1719 521 1773 quod
556 1718 847 1772 conf<r>acuit
877 1720 1040 1760 melius.
1100 1733 1177 1760 nec
1207 1732 1296 1760 non
1328 1720 1428 1759 ster-

76 1779 250 1819 cilinum
281 1779 430 1819 melius
463 1778 582 1832 illud,
615 1781 731 1819 cuius
765 1780 896 1819 latera
921 1780 962 1819 et
988 1793 1198 1819 summum
1222 1780 1354 1832 virgis
1381 1792 1427 1819 ac

75 1837 223 1878 fronde
266 1837 526 1890 vindicatum
569 1853 593 1878 a
637 1839 734 1879 sole.
807 1852 895 1880 non
939 1840 1051 1879 enim
1095 1852 1258 1891 sucum,
1303 1851 1426 1892 quem

77 1899 240 1951 quaerit
270 1899 397 1950 terra,
443 1898 573 1938 solem
607 1900 702 1938 ante
736 1912 913 1952 exugere
945 1899 1123 1952 oportet.
1184 1899 1327 1952 itaque
1357 1911 1427 1952 pe·
1446 1914 1480 1943 30

76 1958 159 2009 riti,
192 1959 264 2010 qui
296 1959 487 2010 possunt,
518 1959 566 1998 ut
598 1971 645 1998 eo
678 1972 787 2012 aqua
816 1956 967 1998 influat
999 1972 1045 1998 eo
1071 1959 1242 1998 nomine
1267 1957 1428 1998 faciunt

78 2013 156 2070 (sic
194 2018 305 2057 enim
345 2019 524 2057 maxime
564 2019 769 2058 retinetur
810 2015 952 2072 sucus)
995 2019 1041 2058 in
1082 2031 1213 2071 eoque
1257 2016 1426 2071 quidam

37 2075 201 2117 5sellas
242 2076 511 2117 familiaricas
555 2079 733 2130 ponunt.
802 2076 1036 2118 aedificium
1077 2076 1211 2117 facere
1248 2077 1427 2130 oportet,

196 2232 215 2260 8
240 2226 392 2271 aliquod
422 2228 433 2272 11
460 2234 497 2261 16
523 2239 567 2262 ex
591 2227 679 2263 arbo
704 2230 716 2273 Η
742 2234 779 2262 18
805 2239 824 2262 e
848 2228 982 2272 pauolo
1016 2229 1051 2272 (a
1074 2228 1210 2272 pabulo
1236 2228 1398 2274 Nonius)
1415 2229 1429 2276 ΙΙ

78 2280 116 2308 24
131 2275 308 2308 autunum
326 2276 555 2319 (autumnum
566 2276 731 2320 plurima
744 2276 970 2322 apoyrapha)
989 2276 1001 2318 ΙΙ
1020 2282 1058 2309 25
1073 2276 1138 2311 del.
1153 2276 1240 2311 Keil
1258 2278 1270 2320 ΙΙ
1288 2283 1325 2310 27
1341 2277 1425 2312 add.

78 2321 173 2357 Scaz.
193 2323 204 2366 ΙΙ
223 2328 259 2355 81
284 2324 438 2366 possunt
461 2324 664 2358 Iucundus.
713 2323 857 2368 possint
875 2327 885 2367 ss
904 2330 944 2357 88
968 2323 1086 2358 facere
1111 2323 1202 2368 (fieri
1227 2324 1320 2373 P⁰l.·)
1339 2325 1352 2370 1}

1548 278 1555 352 ἑ
