1555 2527
116 90 199 132 132
671 90 911 126 VARRONIS

112 190 284 243 reliquis
313 188 451 243 siquid
477 189 675 230 idoneum
701 190 827 230 fuerit
854 192 1105 242 ratiocinari,
1132 189 1284 230 licebit.
1329 188 1467 244 Igitur

113 252 212 290 sunt
248 249 431 303 gallinae
466 263 570 302 quae
603 251 806 289 vocantur
837 263 1038 303 generum
1070 252 1215 303 trium,
1256 249 1464 290 villaticae

70 309 153 350 ,eet
185 311 363 349 rusticae
397 311 436 348 et
468 307 701 349 Africanae.
764 309 946 362 gallinae
979 309 1187 349 villaticae
1219 310 1329 362 sunt,
1362 322 1465 362 quas

113 368 305 422 deinceps
350 382 445 408 rure
488 367 645 408 habent
689 371 734 408 in
777 369 901 409 villis.
974 368 1022 409 de
1063 368 1128 408 his
1168 371 1240 422 qui
1279 368 1466 409 ornitho-

112 427 286 469 boscion
317 430 537 468 instituere
570 428 672 481 vult,
705 427 747 467 id
780 430 842 467 est
874 427 1063 468 adhibita
1095 430 1269 468 scientia
1297 441 1343 468 ac
1369 441 1468 468 cura
1505 444 1520 469 5

111 486 214 541 <ut>
242 490 410 541 capiant
434 501 611 541 magnos
638 487 812 539 fructus,
844 489 892 527 ut
924 485 1137 541 [maxime]
1170 487 1469 528 factitaverunt

112 546 290 600 Deliaci,
335 547 436 587 haec
469 549 654 600 quinque
692 549 871 587 maxime
910 546 1245 587 animadvertant
1283 548 1466 601 oportet:

113 606 162 647 de
201 609 430 660 emptione,
476 608 593 646 cuius
632 605 746 646 modi
785 608 825 646 et
863 620 989 659 quam
1020 607 1174 647 multas
1207 608 1374 661 parent3
1419 605 1468 647 de

112 666 259 719 fetura,
293 681 417 720 quem
449 665 500 705 ad
531 665 703 705 modum
735 665 961 705 admittant
993 668 1033 705 et
1063 668 1250 720 pariant3
1283 665 1333 707 de
1365 668 1468 719 ovis,

113 741 237 780 quem
287 725 337 766 ad
386 725 558 766 modum
606 725 808 766 incubent
858 727 899 765 et
948 725 1170 779 excudant3
1227 725 1276 766 de
1324 726 1467 780 pullis,
1489 742 1522 768 10

113 800 237 840 quem
281 785 332 825 ad
375 784 547 826 modum
592 787 631 824 et
675 799 699 825 a
743 784 896 838 quibus
936 784 1174 826 educentur.
1244 785 1359 826 hisce
1399 800 1468 839 ap-

112 845 266 899 pendix
309 844 489 885 adicitur
531 859 627 898 pars
673 846 838 898 quinta,
884 858 1006 898 quem
1052 844 1103 885 ad
1145 844 1318 885 modum
1362 847 1469 899 sagi-

72 905 276 946 3nentur.
346 919 394 945 ex
431 906 523 958 quis
562 903 698 944 tribus
736 903 960 958 generibus
993 906 1166 958 proprio
1197 906 1369 945 nomine
1400 918 1470 945 vo-

114 948 262 1005 cantur
304 964 483 1004 feminae
527 978 632 1017 quae
677 965 777 1005 sunt
825 964 1035 1004 villaticae
1084 965 1285 1018 gallinae,
1334 978 1469 1005 mares

113 1024 234 1079 galli,
298 1026 389 1077 capi
452 1026 711 1077 semimares,
774 1026 848 1077 qui
911 1025 1010 1064 sunt
1066 1026 1247 1065 castrati.
1332 1024 1470 1078 gallos
1490 1040 1540 1067 15·

113 1085 315 1136 castrant,
359 1085 407 1123 ut
439 1085 525 1123 sint
557 1085 665 1136 capi,
711 1082 906 1123 candenti
937 1082 1046 1124 ferro
1079 1086 1294 1124 inurentes
1327 1083 1379 1124 ad
1409 1086 1471 1124 in-

112 1143 211 1184 fima
242 1157 378 1195 crura,
411 1156 543 1196 usque
576 1143 676 1183 dum
706 1145 944 1196 rumpatur,
977 1145 1018 1183 et
1050 1142 1163 1197 quod
1195 1145 1309 1184 extat
1338 1144 1471 1197 ulcus,

72 1203 311 1244 4oblinunt
351 1202 502 1256 figlina
541 1204 663 1243 creta.
726 1205 799 1256 qui
840 1205 1001 1256 spectat
1037 1205 1086 1242 ut
1124 1202 1472 1244 ornithoboscion

115 1263 346 1317 perfectum
376 1262 543 1315 habeat,
584 1263 743 1303 scilicet
774 1276 929 1316 genera
960 1265 997 1302 ei
1027 1264 1110 1302 tria
1140 1262 1343 1316 paranda,
1387 1277 1471 1303 ma·

114 1325 224 1362 xime
255 1323 462 1362 villaticas
495 1322 690 1376 gallinas.
741 1336 761 1362 e
788 1324 882 1375 quis
908 1324 954 1362 in
979 1321 1166 1376 parando
1193 1323 1323 1377 eligat
1349 1336 1470 1376 opor·
1490 1339 1524 1365 2⁰

114 1384 175 1422 tet
205 1381 421 1434 fecundas,
462 1382 710 1435 plerumque
741 1381 976 1422 rubicunda
1006 1382 1168 1435 pluma,
1211 1384 1346 1436 nigris
1378 1384 1470 1436 pin-

113 1444 197 1495 nis,
229 1441 461 1495 imparibus
495 1441 656 1495 digitis,
695 1443 860 1495 magnis
894 1441 1120 1495 capitibus,
1166 1444 1293 1482 crista
1324 1443 1471 1495 erecta,

72 1501 291 1555 5amplas:
333 1501 410 1541 hae
452 1503 563 1541 enim
604 1501 655 1541 ad
692 1503 906 1555 partiones
946 1502 1046 1541 sunt
1077 1503 1272 1555 aptiores,
1333 1501 1471 1555 gallos

112 1561 266 1602 salaces
311 1563 384 1614 qui
428 1561 782 1614 animadvertunt,
829 1562 864 1601 si
905 1563 1004 1601 sunt
1043 1561 1256 1614 lacertosi,
1299 1560 1469 1601 rubenti

113 1622 250 1672 crista,
281 1622 418 1661 rostro
451 1620 566 1661 brevi
597 1621 723 1674 pleno
757 1622 891 1673 acuto,
924 1620 1056 1661 oculis
1086 1623 1196 1661 ravis
1224 1622 1297 1661 aut
1320 1622 1468 1674 nigris,
1489 1635 1523 1662 25

113 1681 234 1734 palea
270 1680 397 1720 rubra
435 1679 732 1733 subalbicanti,
777 1681 886 1721 00110
925 1682 1040 1721 vario
1079 1683 1152 1720 aut
1184 1680 1372 1732 aureolo,
1415 1679 1472 1720 fe-

114 1739 298 1780 minibus
342 1740 508 1793 pilosis,
537 1740 750 1784 ,cruribus
794 1739 1010 1792 brevibus,
1059 1739 1274 1794 unguibus
1318 1740 1472 1794 longis,

116 1799 256 1840 caudis
307 1802 491 1853 magnis,
547 1799 838 1854 frequentibus
889 1801 1050 1853 pinnis3
1099 1801 1201 1840 item
1251 1801 1324 1853 qui
1373 1800 1472 1840 elati

117 1861 216 1900 sunt
260 1873 306 1899 ac
349 1859 581 1900 vociferant
625 1874 764 1913 saepe,
808 1861 854 1900 in
898 1861 1123 1899 certamine
1160 1861 1393 1913 pertinaces
1433 1860 1474 1900 et

116 1921 188 1972 qui
227 1919 425 1958 animalia
465 1932 569 1972 quae
601 1922 756 1960 nocent
786 1919 958 1973 gallinis
991 1932 1079 1959 non
1109 1918 1234 1959 modo
1265 1932 1354 1959 non
1383 1932 1474 1972 per·
1493 1934 1528 1960 so

75 1977 354 2030 6timescant,
406 1978 477 2018 sed
521 1981 647 2019 etiam
690 1992 767 2032 pro
817 1978 989 2032 gallinis
1039 1979 1323 2032 propugnent.
1397 1991 1475 2018 nec

116 2039 257 2078 tamen
302 2037 560 2091 sequendum
601 2041 647 2078 in
693 2040 869 2079 seminio
913 2037 1091 2091 legendo
1132 2036 1389 2091 Tanagricos
1434 2039 1475 2078 et

116 2096 289 2138 Melicos
323 2099 364 2137 et
397 2095 675 2151 Chalcidicos,
716 2100 789 2151 qui
822 2099 910 2138 sine
943 2096 1071 2138 dubio
1105 2099 1205 2138 sunt
1234 2096 1402 2151 pulchri
1433 2098 1475 2137 et

235 2208 251 2235 1
277 2201 490 2235 raciocinari
524 2202 704 2246 (racimari
738 2202 828 2237 Vict.
855 2206 888 2236 et
912 2201 987 2236 cod.
1015 2201 1118 2243 Par„
1152 2200 1309 2235 rocinari
1333 2201 1409 2244 fuit
1434 2201 1475 2236 in

117 2249 321 2294 archetypo)
350 2250 361 2292 ss
387 2255 404 2282 θ
431 2249 515 2283 add.
543 2254 574 2283 et
600 2250 666 2284 dez.
694 2250 887 2284 Iucandus
911 2250 922 2292 u
946 2255 983 2282 13
1009 2259 1053 2282 ex
1079 2248 1162 2292 quis
1189 2249 1246 2293 (ex
1271 2248 1354 2292 quis
1381 2248 1472 2291 Pol„

117 2308 161 2331 ex
181 2296 315 2340 quibus
336 2297 390 2331 vel
410 2299 444 2330 et
464 2297 598 2340 quibus
620 2298 672 2331 vel
693 2308 711 2330 e
732 2297 867 2340 quibus
885 2297 1099 2341 apographa
1109 2296 1302 2341 nonnulla)
1322 2297 1334 2341 ss
1352 2302 1389 2330 15
1410 2295 1473 2340 qui

116 2356 147 2380 v.
187 2344 286 2388 quod
305 2345 369 2388 1117
397 2347 432 2378 et
458 2345 554 2379 Keil.
594 2346 631 2378 at
649 2346 660 2389 Η
680 2351 715 2378 19
742 2344 879 2379 scilicet
903 2344 981 2379 cod.
1001 2344 1126 2379 Paris.
1164 2343 1216 2378 sic
1239 2343 1324 2378 licet
1342 2345 1354 2389 ss
