1555 2527
96 64 177 105 126
644 62 886 98 VARRONIS

88 162 244 202 mutuli
290 161 422 202 crebri
466 164 511 201 in
556 161 751 201 omnibus
797 162 1003 203 columnis
1049 163 1256 215 impositi,
1302 159 1450 201 sedilia

21 223 77 263 14
91 225 242 262 avium.
321 223 434 261 intra
483 222 612 259 retem
662 234 756 260 aves
802 224 901 261 sunt
948 223 1216 274 omnigenus,
1267 223 1448 260 maxime

91 283 311 332 cantriceS,
352 282 400 319 ut
438 280 683 319 lusciniolae
722 294 768 320 ac
802 281 1003 332 merulae,
1049 280 1200 333 quibus
1234 293 1343 334 aqua
1373 282 1449 320 mi-

89 342 295 381 nistratur
338 353 412 392 per
456 339 753 391 canabe-ulum,
799 339 915 379 cibus
961 339 1142 380 obicitur
1187 339 1263 379 sub
1305 341 1448 380 retem.

91 399 234 439 subter
266 399 558 439 columnarum
591 398 831 451 stylobaten
863 401 925 438 est
956 399 1064 452 lapis
1099 413 1122 439 a
1147 399 1274 439 falere
1299 398 1447 452 pedem
1485 415 1502 442 5

91 461 131 499 et
169 458 414 498 dodrantem
453 458 555 497 alta:
599 460 740 510 ipsum
777 458 905 498 falere
943 457 995 498 ad
1034 458 1115 499 duo
1156 458 1280 512 pedes
1314 458 1448 498 altum

90 532 114 558 a
152 519 321 571 stagno,
365 518 500 557 latum
538 516 589 556 ad
628 519 830 570 quinque,
874 520 923 557 ut
959 520 1005 557 in
1043 518 1214 558 culcitas
1255 519 1295 558 et
1335 517 1448 558 colu-

89 577 236 617 mellas
288 579 487 617 convivae
536 576 712 629 pedibus
770 579 988 616 circumire
1042 579 1220 630 possint.
1299 576 1448 618 infimo

88 639 202 677 intra
232 636 358 676 falere
392 638 454 675 est
486 637 685 689 stagnum
717 650 812 676 cum
842 639 1033 689 margine
1063 636 1202 690 pedali
1234 638 1275 676 et
1307 636 1449 676 insula

88 698 135 736 in
177 695 314 736 medio
358 709 499 748 parva.
574 697 731 735 circum
773 695 901 735 falere
946 697 987 735 et
1025 696 1194 735 navalia
1237 698 1337 736 sunt
1382 709 1447 735 ex·
1468 712 1502 737 ιο

20 755 235 797 15cavata
279 757 467 795 anatium
512 754 689 795 stabula.
750 757 796 795 in
833 755 974 795 insula
1012 757 1074 794 est
1115 755 1358 808 columella,
1401 757 1448 794 in

90 828 173 868 qua
211 816 326 854 intus
369 816 475 866 axis,
521 816 594 867 qui
633 828 711 867 pro
751 828 896 854 mensa
935 816 1116 854 sustinet
1147 816 1285 855 rotam
1315 813 1448 854 radia-v

89 876 193 927 tam,
225 876 286 914 ita
316 875 364 913 ut
396 873 448 913 ad
480 875 729 926 extremum,
764 873 838 913 ubi
876 873 1009 914 orbile
1049 874 1155 914 solet
1187 887 1292 926 esse,
1330 871 1449 925 a<r>-

90 936 212 973 cuata
255 932 400 973 tabula
445 935 590 973 cavata
634 935 688 972 sit
732 934 780 972 ut
817 935 1069 986 tympanum
1102 935 1148 973 in
1180 932 1448 973 latitudinem

90 993 172 1033 duo
204 992 328 1046 pedes
362 994 403 1032 et
435 991 697 1045 semipedem,
729 994 775 1032 in
801 992 1069 1032 altitudinem
1093 993 1294 1045 palmum.
1346 991 1502 1034 haec15

89 1052 140 1092 ab
185 1066 270 1093 uno
308 1066 457 1105 puero,
502 1054 575 1105 qui
612 1054 843 1104 ministrat,
887 1054 947 1091 ita
984 1054 1178 1105 vertitur,
1222 1054 1271 1091 ut
1306 1054 1448 1092 omnia
1536 1047 1539 1050 ’

88 1126 174 1152 11113
213 1114 428 1165 ponantur
469 1112 509 1151 et
550 1110 602 1151 ad
638 1110 867 1151 bibendum
907 1114 947 1151 et
986 1111 1037 1151 ad
1069 1111 1275 1151 edendum
1307 1113 1348 1151 et
1379 1110 1448 1151 ad-

20 1171 74 1212 16
88 1173 337 1211 moveantur
380 1170 432 1210 ad
477 1184 619 1211 omnes
665 1173 873 1211 convivas.
954 1184 1003 1210 ex
1048 1172 1248 1224 suggesto
1293 1170 1447 1223 faleris,

89 1230 162 1271 ubi
219 1231 357 1271 solent
412 1244 500 1270 esse
551 1232 895 1283 peripetasmata,
950 1229 1161 1283 prodeunt
1210 1231 1352 1270 anates
1401 1232 1448 1270 in

90 1292 288 1344 stagnum
330 1303 376 1330 ac
407 1291 529 1342 nant,
568 1303 588 1329 e
621 1303 704 1342 quo
737 1292 851 1329 rivus
883 1291 1075 1342 pervenit
1106 1292 1151 1329 in
1184 1289 1303 1342 duas,
1342 1302 1445 1342 quas
1466 1304 1502 1330 20

90 1349 192 1402 dixi,
236 1351 437 1402 piscinas,
480 1363 526 1388 ac
565 1349 759 1402 pisciculi
798 1350 912 1389 ultro
952 1363 998 1389 ac
1037 1350 1141 1390 citro
1181 1350 1446 1401 commetant,

89 1423 183 1449 cum
219 1411 259 1449 et
291 1422 399 1462 aqua
431 1407 565 1448 calida
597 1410 637 1448 et
665 1407 821 1462 frigida
847 1422 895 1448 ex
923 1407 1015 1449 orbi
1039 1408 1182 1461 ligneo
1207 1421 1446 1461 mensaque,

89 1482 215 1521 quam
259 1468 345 1508 dixi
388 1471 433 1508 in
475 1469 623 1521 primis
669 1467 795 1508 radiis
841 1481 946 1520 esse,
991 1470 1188 1521 epitoniis
1226 1469 1356 1508 versis
1395 1467 1447 1507 ad

21 1527 72 1567 17
90 1542 222 1567 unum
260 1541 466 1580 quemque
503 1527 662 1567 factum
704 1529 758 1567 sit
789 1530 838 1566 ut
869 1526 974 1567 fluat
1006 1529 1235 1568 convivam.
1296 1528 1446 1567 intrin-

90 1601 205 1627 secus
240 1586 316 1626 sub
349 1586 468 1627 tholo
502 1587 624 1626 stella
655 1587 803 1626 lucifer
833 1586 1035 1639 interdiu,
1072 1588 1202 1627 noctu
1232 1585 1445 1639 hesperus,
1466 1600 1500 1626 25

87 1648 148 1686 ita
179 1648 438 1686 circumeunt
464 1646 515 1685 ad
540 1646 734 1686 infimum
760 1646 1115 1699 hemisphaerium
1141 1659 1187 1685 ac
1211 1647 1446 1698 moventur,

88 1707 136 1745 ut
173 1705 376 1758 indicent,
421 1707 525 1759 quot
564 1708 648 1746 sint
679 1705 817 1746 horae.
884 1708 931 1746 in
963 1705 1105 1746 eodem
1137 1703 1446 1758 hemisphaerio

88 1764 224 1805 medio
270 1767 426 1805 circum
470 1764 681 1805 cardinem
725 1767 788 1805 est
826 1764 939 1805 orbis
977 1766 1200 1805 ventorum
1241 1766 1354 1816 octo,
1397 1766 1448 1804 ut

89 1822 267 1864 Athenis
318 1827 364 1864 in
413 1824 656 1878 horologio,
707 1823 820 1878 quod
870 1824 970 1864 fecit
1020 1821 1252 1877 Cyrrestes3
1301 1822 1446 1877 ibique

90 1886 274 1923 eminens
301 1883 441 1923 radius
469 1898 493 1923 a
519 1883 685 1924 cardine
711 1883 763 1923 ad
789 1883 933 1924 orbem
957 1885 1018 1923 ita
1042 1885 1245 1936 movetur,
1276 1885 1326 1923 ut
1351 1896 1446 1923 eum
1465 1896 1501 1923 ao

89 1944 238 1996 tangat
269 1945 453 1995 ventum,
487 1945 559 1996 qui
591 1942 674 1995 flet,
706 1945 754 1983 ut
785 1945 900 1983 intus
935 1945 1039 1983 scire
1070 1945 1220 1996 possis.

19 2000 73 2042 18
209 2000 315 2042 Cum
346 2002 446 2042 haec
478 2003 762 2055 loqueremur,
801 2003 959 2043 clamor
989 2002 1038 2042 fit
1068 2005 1115 2042 in
1146 2015 1305 2054 campo.
1365 2014 1443 2041 nos

89 2060 269 2100 athletae
303 2064 569 2102 comitiorum
602 2060 719 2115 [ima]
753 2076 848 2102 cum
882 2061 925 2101 id
959 2061 1050 2101 fieri
1080 2075 1168 2101 non
1198 2063 1446 2100 miraremur

208 2170 226 2196 6
247 2164 318 2197 duo
340 2165 443 2207 (duos
466 2166 513 2209 V)
534 2167 545 2210 Η
564 2172 601 2198 13
621 2177 674 2208 sq.
689 2168 836 2199 arcuata
851 2165 936 2199 Keil
955 2165 1044 2199 duce
1060 2165 1226 2199 Gesnero.
1259 2163 1421 2197 acuitum
1442 2162 1447 2210 Ι

88 2217 124 2243 19
149 2211 435 2254 peripatasmata
455 2213 752 2256 (peripetasmata
774 2213 867 2257 Pol.)
888 2215 899 2257 Η
919 2219 957 2246 20
975 2212 1145 2256 peruenit
1165 2211 1347 2255 (prouenit
1366 2210 1416 2255 V>
1441 2212 1446 2257 Ι

89 2264 125 2290 27
154 2259 252 2301 quod
271 2260 282 2302 ΙΙ
302 2265 340 2291 29
367 2258 574 2302 Cyrrhestes
601 2261 798 2295 Turnebus.
832 2262 1014 2304 cyprestes
1035 2261 1046 2304 ΙΙ
1065 2266 1103 2293 33
1129 2258 1286 2293 athletae
1304 2259 1445 2293 Iucun—

88 2305 166 2339 dus.
194 2305 377 2340 athiethae
400 2308 403 2351 1
427 2307 492 2341 del.
520 2308 607 2342 Keil
626 2309 636 2351 ΙΙ
