1555 2527
91 86 110 127 1
118 86 144 127 2
644 85 884 121 VARRONIS

89 184 347 225 commodius
381 184 597 226 ostendere
629 186 795 238 possint
827 184 990 225 adsunt.
1041 199 1138 226 nam
1165 183 1208 226 C.
1229 183 1438 226 Licinium

90 242 307 285 Stolonem
358 246 399 285 et
448 242 522 285 Cn.
566 243 820 285 Tremelium
872 242 1059 285 Scrofam
1110 244 1229 286 video
1279 246 1438 285 venire:

88 318 238 357 unum,
289 306 406 344 cuius
451 306 628 344 maiores
674 303 722 344 de
765 303 890 344 modo
936 306 1026 358 agri
1070 305 1207 358 legem
1250 303 1440 344 tulerunt

89 360 205 416 (nam
238 361 425 404 Stolonis
458 364 534 403 illa
558 364 635 416 lex,
669 377 773 416 quae
800 365 913 403 vetat
938 363 1033 417 plus
1060 374 1091 403 D
1117 366 1265 418 iugera
1288 362 1439 404 habere

90 425 220 463 civem
261 420 346 477 R),
396 424 436 463 et
480 425 552 476 qui
593 424 766 476 propter
811 422 1073 476 diligentiam
1115 424 1303 463 culturae
1347 421 1439 464 Sto-

88 483 234 523 lonum
286 481 549 522 confirmavit
599 496 849 536 cognomen,
901 481 1013 536 quod
1061 482 1205 523 nullus
1256 485 1301 523 in
1351 484 1439 522 eius

89 541 220 582 fundo
265 544 438 595 reperiri
481 543 647 595 poterat
691 542 817 594 stolo,
864 541 976 595 quod
1020 541 1242 582 effodiebat
1285 543 1440 582 circum

89 600 256 641 arbores
308 615 328 641 e
375 600 584 641 radicibus
636 615 741 654 quae
784 603 1055 641 nascerentur
1104 616 1125 642 e
1175 601 1283 654 solo,
1335 615 1439 655 quos

90 661 275 701 stolones
315 660 597 714 appellabant.
668 659 853 700 eiusdem
890 662 1029 714 gentis
1070 658 1112 702 C.
1140 659 1346 729 Licinius,
1390 663 1440 701 tr.

88 720 145 774 pl
179 734 272 760 cum
305 721 423 773 esset,
456 722 554 773 post
585 732 702 773 reges
737 721 902 760 exactos
930 722 1049 760 annis
1078 730 1255 761 CCCLXV
1278 722 1440 774 primus

89 780 296 847 populum
343 779 394 819 ad
441 780 553 833 leges
602 779 862 833 accipiendas
904 781 950 819 in
991 781 1149 833 septem
1192 782 1339 834 iugera
1381 779 1441 820 fo-

21 839 75 880 10
89 841 228 879 rensia
268 853 289 879 e
328 840 498 880 comitio
538 838 692 879 eduxit.
755 839 932 879 alterum
966 839 1171 893 collegam
1202 840 1340 893 tuum,
1383 841 1441 879 vi-

88 900 199 952 ginti
238 900 375 938 virum
418 900 490 952 qui
531 898 614 938 fuit
655 898 706 938 ad
748 912 871 952 agros
915 898 1158 939 dividendos
1193 896 1441 952 Campanos,

89 957 207 998 video
240 957 322 998 huc
354 960 506 1011 venire,
540 956 613 999 Cn.
634 957 889 999 Tremelium
916 956 1115 1011 Scrofam,
1147 960 1284 998 virum
1311 960 1442 999 omni-

88 1017 166 1058 bus
207 1017 435 1058 virtutibus
476 1018 675 1071 politum,
720 1020 793 1071 qui
825 1017 874 1057 de
907 1019 997 1071 agri
1030 1018 1196 1058 cultura
1225 1016 1442 1059 Romanus

88 1078 368 1130 peritissimus
399 1078 673 1118 existimatur.
724 1075 794 1118 An
825 1091 912 1118 non
937 1077 1056 1118 iure?
1088 1079 1272 1131 inquam.
1322 1076 1444 1118 fundi

91 1138 202 1177 enim
235 1138 322 1176 eius
354 1139 527 1191 propter
560 1137 767 1177 culturam
798 1136 1045 1178 iucundiore
1078 1137 1315 1191 spectaculo
1343 1138 1443 1178 sunt
1514 1157 1516 1159 ·

89 1196 247 1248 multis,
281 1210 408 1250 quam
439 1199 552 1250 regie
583 1197 719 1250 polita
751 1196 938 1237 aedificia
970 1196 1161 1249 aliorum,
1195 1210 1289 1237 cum
1314 1195 1440 1237 huius

91 1257 324 1309 spectatum
355 1258 528 1296 veniant
558 1256 699 1309 villas,
742 1270 847 1309 non,
892 1257 939 1296 ut
972 1255 1083 1310 apud
1115 1254 1358 1310 Lucullum,
1395 1258 1443 1296 ut

89 1314 258 1356 videant
298 1315 613 1369 pinacothecas,
663 1315 733 1356 sed
778 1315 1066 1370 oporothecas.
1139 1315 1331 1369 huiusce,
1381 1317 1442 1357 in-

90 1389 232 1428 quam,
274 1377 455 1428 pomarii
497 1388 660 1415 summa
702 1390 818 1416 sacra
858 1377 942 1428 via,
989 1374 1063 1415 ubi
1094 1389 1222 1429 poma
1261 1377 1444 1416 veneunt

89 1436 235 1475 contra
265 1448 426 1488 aurum,
456 1437 610 1489 imago.

23 1495 71 1535 11
208 1492 279 1534 Illi
310 1496 471 1535 interea
502 1494 552 1535 ad
583 1509 679 1547 nos,
722 1496 763 1535 et
795 1492 932 1547 Stolo,
964 1492 1081 1535 Num
1114 1508 1214 1535 cena
1246 1508 1442 1547 comessa,

89 1555 246 1607 inquit,
291 1554 512 1594 venimus?
576 1568 676 1594 nam
719 1568 807 1595 non
850 1552 895 1594 L.
945 1553 1134 1594 videmus
1183 1551 1442 1607 Fundilium,

91 1615 162 1666 qui
202 1627 280 1653 nos
320 1613 548 1654 advocavit.
619 1613 740 1654 Bono
781 1615 920 1654 animo
953 1615 1055 1666 este,
1098 1615 1239 1667 inquit
1270 1610 1441 1667 Agrius.

89 1687 187 1712 nam
227 1686 315 1713 non
348 1673 473 1714 modo
513 1687 637 1714 ovom
674 1674 773 1714 illut
812 1672 1025 1713 sublatum
1064 1674 1142 1726 est,
1185 1671 1297 1726 quod
1331 1671 1442 1713 ludis

91 1730 398 1785 circ[i]ensibus
439 1735 661 1774 novissimi
695 1733 891 1773 curriculi
922 1731 1050 1773 finem
1081 1732 1182 1773 facit
1214 1731 1443 1786 quadrigis,

92 1790 163 1832 sed
204 1806 258 1831 ne
301 1791 408 1832 illud
453 1791 621 1846 quidem
663 1806 786 1833 ovom
826 1791 1026 1844 vidimus,
1071 1791 1184 1846 quod
1223 1793 1270 1832 in
1311 1791 1444 1832 cenali

23 1851 75 1892 12
90 1865 247 1905 pompa
288 1852 395 1892 solet
437 1866 526 1892 esse
566 1854 762 1905 primum.
822 1853 965 1905 itaque
1003 1850 1103 1892 dum
1139 1850 1183 1892 id
1222 1850 1444 1892 nobiscum

90 1924 176 1951 una
206 1910 381 1952 videatis
416 1925 462 1952 ac
493 1913 608 1952 venit
640 1911 893 1963 aeditumus,
926 1910 1068 1952 docete
1098 1924 1195 1963 nos,
1237 1912 1329 1964 agri
1361 1911 1444 1951 cul-

90 1971 187 2010 tura
227 1984 353 2023 quam
395 1985 601 2011 summam
640 1970 810 2023 habeat,
854 1971 1136 2011 utilitatemne
1170 1984 1223 2010 an
1253 1970 1445 2024 volupta-

92 2031 177 2070 tem
214 2043 267 2070 an
304 2032 541 2084 utrumque.
605 2030 656 2070 ad
697 2032 737 2071 te
777 2032 886 2070 enim
923 2029 1070 2070 rudem
1107 2044 1196 2070 esse
1238 2031 1329 2084 agri
1362 2030 1445 2070 cul-

91 2090 210 2129 turae
246 2086 376 2142 nunc,
420 2087 522 2130 olim
561 2089 612 2130 ad
645 2088 863 2131 Stolonem
900 2089 1030 2130 fuisse
1070 2088 1225 2130 dicunt.
1289 2087 1445 2142 Scrofa,

91 2147 233 2201 Prius,
273 2150 434 2202 inquit,
480 2148 816 2202 discernendum,
858 2150 1002 2189 utrum
1039 2163 1146 2202 quae
1178 2149 1370 2189 serantur
1399 2149 1446 2188 in

210 2295 248 2322 23
269 2294 431 2322 comessa
450 2289 462 2332 ζ
464 2298 626 2323 comessa
639 2289 733 2333 Pol.)
752 2289 764 2334 ΙΙ
783 2294 821 2322 25
836 2289 911 2323 este
930 2299 960 2323 v.
977 2287 1064 2323 estis
1086 2289 1092 2331 Ι
1114 2287 1232 2322 acrius
1251 2288 1263 2332 ΙΙ
1281 2293 1321 2321 26
1334 2297 1443 2322 ovom

94 2336 314 2372 Politianus.
366 2347 448 2369 cum
466 2337 478 2381 ss
498 2342 534 2370 27
563 2336 628 2371 del.
655 2347 676 2371 v
695 2338 707 2381 ΙΙ

1462 734 1495 760 10

1461 1031 1495 1058 15

1463 1330 1496 1356 20

1462 1627 1496 1653 25

1464 1925 1499 1950 30
