1560 2407
618 51 885 86 PRAEFATIO
1392 53 1426 87 V

77 153 251 192 notavit.
306 151 380 189 sed
411 154 578 201 praeter
610 164 658 190 ea
690 164 792 202 quae
818 152 860 189 in
887 151 1224 190 adnotationibus
1250 152 1426 190 Victorii

77 226 99 252 e
126 212 266 251 codice
299 210 507 260 adscripta
538 213 634 248 sunt
667 212 792 249 etiam
823 211 913 260 ipsa
946 210 1074 248 editio
1109 211 1219 248 haud
1245 215 1426 249 contem-

75 271 253 311 nendum
278 270 431 308 veteris
451 269 680 319 scripturae
699 270 983 308 testimonium
1001 270 1186 320 praebet.
1224 282 1318 307 nam
1338 270 1426 308 ubi-

76 342 247 380 cumque
272 330 314 366 in
341 341 430 366 eam
450 341 581 366 novae
601 329 800 367 lectiones
820 332 1014 378 receptae
1035 332 1141 377 sunt,
1169 341 1272 379 quae
1292 341 1425 379 neque

73 391 116 428 in
142 388 442 438 exemplaribus
469 390 592 425 antea
618 388 739 426 editis
766 388 972 426 habentur
996 400 1130 438 neque
1151 400 1219 426 eas
1239 400 1313 426 sua
1332 400 1425 426 con-

71 450 230 488 iectura
254 448 444 485 inventas
471 459 560 485 esse
587 447 723 485 editor
749 439 976 495 adnotavit,
1003 447 1075 485 has
1103 459 1125 485 e
1152 447 1294 485 codice
1319 449 1423 497 peti·
1439 453 1470 487 V

72 512 137 547 tas
170 519 258 545 esse
292 506 540 544 credendum
574 509 653 554 est,
686 507 720 544 si
751 506 874 544 modo
909 506 1081 544 aliorum
1113 507 1311 556 librorum
1335 519 1427 544 auc-

71 567 245 605 toritate
270 565 374 603 fides
399 565 575 603 Victorii
605 566 881 603 confirmatur.
933 569 1116 603 ceterum
1149 568 1192 604 et
1217 566 1426 603 Victorius

73 629 116 665 et
139 625 369 663 Politianus
402 624 586 662 codicem
617 626 659 662 in
686 628 870 662 extrema
895 628 1014 674 parte
1040 625 1278 662 mutilatum
1302 625 1427 663 habe-

70 686 183 724 bant.
232 696 327 722 nam
358 686 456 734 post
487 684 589 721 haec
621 685 748 721 verba
772 684 834 721 ΠΙ
857 687 923 732 17,
945 686 970 721 4
998 685 1208 722 tubicinam
1231 696 1426 731 araceum,

72 756 175 795 quae
211 745 396 781 extrema
431 755 519 781 esse
551 744 593 780 in
626 743 766 781 codice
797 746 970 793 uterque
998 743 1230 790 adnotavit,
1269 743 1426 793 reliqua

70 807 159 842 tum
184 815 267 841 non
293 802 551 852 legebantur,
579 802 651 840 sed
678 803 858 840 abscissa
883 803 1121 840 membrana
1146 803 1368 854 perierant.

189 862 252 899 Ex
282 874 405 899 manu
440 861 605 911 scriptis
632 862 764 909 libris,
804 862 872 911 qui
900 862 1044 911 quinto
1072 861 1234 900 decimo
1262 862 1425 900 saeculo

71 921 123 960 ab
142 921 258 959 Italis
286 933 336 958 ex
354 920 563 958 Marciano
593 920 733 958 codice
761 920 960 970 descripti
986 924 1094 969 sunt,
1122 921 1303 958 omnium
1323 933 1425 971 quos

69 980 156 1019 vidi
188 980 493 1018 accuratissime
527 992 575 1018 ex
608 980 834 1030 archetypo
869 992 1086 1030 expressus
1120 983 1184 1018 est
1208 980 1426 1018 Lauren-

69 1040 234 1078 tianus
258 1040 324 1087 51,
346 1040 371 1076 4
393 1039 645 1087 chartaceus,
673 1040 741 1089 qui
761 1042 846 1077 tres
860 1039 1057 1077 Varronis
1078 1032 1205 1077 libros
1227 1040 1425 1087 continet,

70 1099 144 1138 sed
168 1099 339 1137 tertium
364 1098 406 1135 in
431 1098 513 1136 fine
541 1098 686 1136 eodem
712 1098 847 1147 modo,
873 1101 997 1148 atque
1023 1099 1065 1136 in
1084 1099 1176 1148 ipso
1198 1099 1424 1148 archetypo

71 1171 95 1196 a
112 1158 321 1196 Politiano
350 1160 393 1195 et
411 1157 598 1195 Victorio
625 1158 855 1207 legebatur,
880 1158 1117 1195 mutilatum
1143 1158 1280 1196 habet.
1321 1159 1425 1196 eius-

71 1217 165 1255 dem
190 1217 373 1267 generis,
390 1219 393 1221 ’
411 1216 484 1255 sed
514 1217 645 1266 magis
678 1217 828 1255 vitiose
855 1217 1032 1267 scriptus
1060 1220 1124 1255 est
1150 1217 1280 1255 codex
1308 1216 1426 1255 Cae-

26 1287 29 1297 ²
70 1289 214 1315 senas
241 1276 519 1314 bibliothecae
538 1276 853 1314 Malatestianae
876 1278 943 1324 24,
965 1279 988 1314 2
1011 1277 1358 1324 membranaceus,
1384 1277 1426 1313 in

70 1348 151 1386 quo
183 1338 282 1386 post
309 1334 559 1373 Columellae
593 1338 635 1373 et
665 1335 834 1374 Catonis
867 1336 994 1374 libros
1027 1336 1173 1385 scripti
1203 1339 1302 1374 sunt
1326 1336 1426 1373 Var—

68 1395 181 1433 ronis
225 1395 331 1433 libri.
395 1407 490 1432 nam
523 1395 566 1432 in
601 1395 679 1433 hoc
717 1407 879 1445 quoque
918 1395 1067 1433 tertius
1106 1395 1212 1432 liber
1248 1395 1426 1445 primum

69 1466 198 1504 usque
224 1453 276 1491 ad
303 1466 351 1492 ea
376 1454 514 1502 verba,
539 1454 581 1492 in
609 1454 755 1504 quibus
781 1455 1012 1492 Marcianus
1041 1454 1171 1492 codex
1197 1454 1425 1501 desinebat,

70 1514 248 1562 scriptus
275 1516 381 1560 erat3
407 1516 555 1563 postea
582 1513 724 1551 eadem
751 1513 915 1563 quidem
940 1526 1080 1561 mann,
1117 1513 1189 1551 sed
1216 1514 1295 1551 alio
1322 1516 1425 1551 tem-

68 1584 170 1622 pore
198 1585 245 1610 ea
271 1584 374 1622 quae
402 1572 574 1610 deerant
598 1573 640 1610 in
667 1576 850 1611 extrema
879 1573 974 1610 libri
1005 1575 1124 1622 parte
1150 1572 1291 1610 addita
1317 1577 1424 1611 sunt.

70 1632 304 1682 antiquiore
335 1634 541 1681 tempore,
581 1645 672 1669 cum
703 1633 913 1682 integrum
938 1632 1021 1669 fuit
1047 1632 1335 1682 archetypum,
1375 1644 1425 1670 ex

71 1703 120 1729 eo
139 1690 385 1741 descriptus
419 1694 483 1729 est
515 1691 644 1729 codex
669 1691 926 1729 Parisinus
955 1691 1122 1728 6884A
1149 1692 1329 1729 omnium
1356 1692 1425 1741 qui

69 1762 177 1788 nunc
197 1752 418 1800 supersunt
439 1750 625 1788 codicum
644 1751 963 1801 antiquissimus.
986 1751 1113 1788 tertio
1136 1750 1294 1788 decimo
1316 1751 1424 1789 enim

70 1809 232 1847 saeculo
259 1809 326 1847 vel
351 1809 476 1847 etiam
496 1809 571 1847 sub
591 1809 715 1848 finem
736 1809 969 1848 duodecimi
988 1810 1141 1847 saeculi
1161 1810 1340 1859 scriptus
1361 1812 1425 1847 est

71 1871 115 1906 et
146 1880 237 1906 cum
264 1868 434 1906 Catonis
474 1868 524 1906 de
560 1870 651 1918 agri
686 1869 845 1907 cultura
880 1869 986 1906 libro
1019 1869 1147 1906 habet
1177 1873 1263 1907 tres
1295 1869 1423 1907 libros

69 1927 277 1965 Varronis.
338 1928 381 1965 in
418 1928 549 1977 prima
590 1929 793 1978 scriptura
809 1965 813 1968 Δ
830 1928 960 1966 multa
998 1929 1150 1978 partim
1187 1928 1238 1966 ab
1278 1927 1424 1966 eodem

70 1987 273 2037 scriptore
299 1987 452 2037 partim
478 1987 573 2034 alia,
605 1990 653 2025 ut
678 1987 860 2035 videtur,
892 2000 1031 2035 manu,
1065 1987 1138 2025 sed
1164 1987 1310 2025 eodem
1335 1987 1423 2025 fere

70 2047 258 2096 tempore
295 2049 480 2084 correcta
516 2049 630 2093 sunt3
668 2047 746 2084 alia
782 2059 880 2084 vero
916 2047 1075 2084 recenti
1110 2049 1249 2085 aetate
1283 2046 1351 2084 vel
1380 2047 1423 2083 in

69 2104 170 2154 ipsis
196 2104 332 2143 verbis
360 2108 545 2143 correcta
571 2106 637 2143 vel
662 2106 704 2143 in
724 2106 978 2156 marginibus
998 2105 1207 2155 adscripta
1226 2108 1333 2144 sunt.
1371 2105 1424 2142 ad

70 2163 247 2202 Parisini
279 2164 431 2202 codicis
463 2168 644 2203 aetatem
676 2165 862 2214 proxime
895 2165 1056 2203 accedit
1080 2165 1330 2203 Mediceus
1357 2165 1423 2202 vel

72 2221 436 2261 Laurentianus
465 2225 531 2272 30,
561 2226 626 2271 10,
653 2224 722 2274 qui
748 2228 844 2274 post
863 2224 1043 2262 Vitruvii
1069 2223 1120 2262 de
1146 2224 1422 2262 architectura

72 2280 200 2320 libros
227 2281 395 2320 Catonis
427 2283 577 2321 librum
609 2283 659 2321 de
691 2284 781 2332 agri
814 2284 973 2322 cultura
1006 2286 1049 2321 et
1073 2283 1269 2321 Varronis
1294 2283 1422 2321 libros
