1560 2506
328 56 494 91 RERVM
518 55 823 89 RVSTICARVM
848 55 931 89 LIB.
953 56 967 88 I
994 59 1130 90 37—39
1345 56 1401 97 49

57 153 253 207 phrastus
287 151 629 207 (hist.pl.17,1)
664 152 816 193 scribat
841 151 1019 193 Athenis
1052 155 1096 193 in
1129 151 1276 206 Lyceo,
1310 168 1403 193 cum

59 215 183 253 etiam
222 227 334 253 nunc
376 213 572 266 platanus
610 212 779 252 novella
822 214 945 264 esset,
990 211 1146 252 radices
1192 214 1321 252 trium
1364 215 1404 252 et

57 274 233 326 triginta
265 271 501 312 cubitorum
534 273 678 325 egisse.
723 270 923 324 quaedam
964 273 998 311 si
1027 270 1159 311 bubus
1194 273 1234 310 et
1266 272 1402 311 aratro

57 329 383 384 prosci[n]deris‚
405 332 445 370 et
463 330 710 383 iterandum,
731 332 955 383 antequam
976 344 1115 370 semen
1133 332 1271 371 iacias.
1302 332 1403 370 item

22 406 36 431 5
56 392 317 443 praeparatio
351 392 492 443 siquae
530 389 578 429 fit
614 392 660 429 in
690 392 839 442 pratis,
883 389 926 429 id
958 391 1020 429 est
1051 392 1098 430 ut
1131 389 1404 430 defendantur

57 464 80 489 a
118 451 327 502 pastione,
371 448 484 502 quod
532 449 616 489 fere
661 449 884 490 observant
928 463 951 488 a
994 450 1086 501 piro
1132 447 1324 502 florente3
1369 450 1403 488 si

55 510 223 562 inrigua
255 510 364 560 sunt,
396 510 444 548 ut
474 510 719 561 tempestive
751 509 1000 561 inrigentur.

174 566 287 615 Quae
313 568 404 607 loca
428 569 474 607 in
499 581 600 620 agro
628 567 903 619 stercoranda,
935 566 1171 619 videndum,
1204 569 1244 607 et
1270 569 1342 620 qui
1355 575 1535 610 XXXVIII

56 628 96 666 et
128 640 210 680 quo
242 641 392 680 genere
423 629 691 679 potissimum
724 627 870 667 facias:
911 641 1010 667 nam
1042 626 1283 666 discrimina
1314 628 1401 666 eius

3 702 36 727 10
56 686 228 739 aliquot.
301 687 456 726 stercus
502 688 709 739 optimum
755 685 899 726 scribit
943 700 1030 726 esse
1075 683 1243 726 Cassius
1288 686 1402 726 volu-

55 747 187 785 crium
222 747 386 798 praeter
423 746 676 798 palustrium
715 759 760 786 ac
797 747 1001 785 nantium.
1064 744 1112 785 de
1144 744 1256 785 hisce
1288 759 1403 798 prae-

55 806 163 844 stare
195 804 493 856 columbinum,
526 804 636 858 quod
671 807 723 845 sit
757 804 1058 845 calidissimum
1084 818 1129 844 ac
1155 804 1402 844 fermentare

53 865 188 916 possit
225 865 389 904 terram.
450 863 494 903 id
530 865 578 903 ut
617 878 756 904 semen
788 866 956 918 aspargi
989 866 1180 917 oportere
1212 866 1256 903 in
1289 877 1402 917 agro,

53 936 140 963 non
177 925 224 962 ut
262 922 310 963 de
347 937 494 976 pecore
538 925 759 963 acervatim
792 926 905 976 poni.
968 937 1044 976 ego
1078 923 1258 963 arbitror
1288 922 1443 976 prae-2

1 997 34 1022 15
55 983 162 1022 stare
207 996 255 1022 ex
300 984 465 1022 aviariis
505 982 725 1022 turdorum
764 997 809 1023 ac
846 983 1118 1034 merularum,
1164 981 1276 1035 quod
1315 996 1403 1022 non

55 1041 191 1081 solum
230 1040 281 1081 ad
314 1055 462 1095 agrum
494 1042 615 1094 utile,
660 1041 730 1082 sed
763 1044 887 1082 etiam
920 1041 971 1081 ad
1003 1041 1141 1082 cibum
1174 1044 1235 1081 ita
1265 1041 1401 1081 bubus

53 1114 99 1140 ac
138 1100 284 1153 subus,
328 1103 376 1140 ut
412 1100 517 1140 fiant
553 1103 744 1154 pingues.
818 1103 960 1154 itaque
999 1103 1071 1154 qui
1115 1103 1270 1141 aviaria
1309 1115 1402 1141 con-

53 1159 221 1212 ducunt,
254 1162 288 1200 si
315 1158 493 1213 cavet[0]
521 1159 714 1201 dominus
743 1162 899 1201 stercus
927 1163 973 1200 ut
998 1163 1043 1200 in
1069 1159 1199 1201 fundo
1226 1162 1402 1213 maneat,

52 1221 226 1259 minoris
260 1218 510 1271 conducunt,
545 1233 669 1273 quam
701 1222 731 1260 ii
764 1219 916 1273 quibus
946 1219 988 1259 id
1015 1219 1181 1260 accedit.
1233 1218 1401 1260 Cassius

0 1293 33 1318 20
54 1278 281 1318 secundum
313 1277 602 1319 columbinum
635 1279 779 1319 scribit
811 1293 899 1319 esse
930 1278 1133 1331 hominis,
1178 1281 1301 1319 tertio
1341 1293 1403 1319 ca-

51 1339 221 1390 prinum
248 1340 288 1378 et
308 1338 484 1378 ovillum
511 1340 550 1378 et
571 1341 792 1391 asininum,
819 1340 991 1378 minime
1012 1338 1170 1378 bonum
1191 1341 1401 1392 equinum,
1418 1337 1443 1378 3

53 1396 123 1437 sed
153 1399 200 1436 in
232 1399 409 1450 segetes:
441 1399 486 1437 in
518 1399 639 1450 prata
670 1400 782 1438 enim
814 1398 879 1437 vel
912 1400 1132 1451 optimum,
1174 1400 1221 1437 ut
1254 1400 1402 1438 cetera-

50 1470 144 1495 rum
174 1458 466 1509 veterinarum,
499 1470 603 1510 quae
632 1456 787 1497 hordeo
814 1459 1055 1510 pascuntur,
1089 1456 1201 1510 quod
1226 1458 1403 1497 multam

50 1514 151 1555 facit
207 1514 388 1556 herbam.
476 1517 735 1557 stercilinum
793 1515 1019 1556 secimdum
1075 1516 1220 1556 villam
1270 1516 1402 1556 facere

0 1588 31 1614 25
52 1576 234 1627 oportet,
278 1577 326 1614 ut
370 1588 495 1628 quam
532 1577 795 1628 paucissimis
830 1578 966 1628 operis
1001 1577 1203 1629 egeratur.
1265 1578 1311 1616 in
1342 1590 1402 1628 eo,

53 1636 88 1674 si
118 1635 164 1674 in
193 1633 330 1674 medio
362 1633 535 1674 robusta
567 1635 708 1688 aliqua
738 1637 912 1675 materia
944 1637 998 1674 sit
1030 1634 1212 1688 depacta,
1244 1637 1402 1689 negant

53 1695 286 1746 serpentem
317 1695 445 1733 nasci.

170 1750 353 1792 Sationis
400 1754 538 1793 autem
581 1752 754 1806 gradus,
800 1753 1022 1805 secundus,
1067 1753 1175 1794 hanc
1217 1753 1505 1797 habetXXXIX

51 1810 266 1863 <curam>z
306 1811 536 1865 natura[m]
571 1811 622 1852 ad
654 1811 766 1866 quod
797 1814 962 1866 tempus
997 1814 1197 1866 cuiusque
1231 1815 1400 1853 seminis

0 1884 32 1910 30
52 1871 149 1922 apta
187 1872 242 1910 sit
281 1870 332 1910 ad
371 1871 601 1911 serendum.
674 1886 773 1911 nam
810 1872 936 1912 refert
974 1874 1018 1912 in
1057 1886 1158 1926 agro
1192 1871 1243 1912 ad
1275 1886 1402 1925 quam

50 1931 213 1982 partem
244 1931 347 1970 caeli
379 1932 556 1984 quisque
587 1931 703 1971 loeus
732 1933 900 1984 spectet,
935 1933 993 1972 sic
1020 1931 1070 1971 ad
1098 1931 1209 1984 quod
1235 1934 1400 1985 tempus

168 2063 185 2090 1
211 2056 363 2091 Athenis
388 2069 420 2092 v.
477 2058 626 2092 athenas
664 2060 675 2102 ΙΙ
712 2065 729 2091 4
764 2057 1010 2102 proseinderis
1050 2058 1282 2102 (proscideris
1322 2058 1401 2105 VM}

51 2110 69 2137 4
112 2102 223 2138 iacias
263 2104 358 2139 Keil.
414 2104 526 2139 iactas
552 2107 563 2150 ΙΙ
588 2112 605 2138 5
649 2106 763 2149 partis
807 2107 848 2140 in
891 2107 1055 2151 margine
1098 2106 1294 2150 adscripsit
1329 2107 1399 2141 Po-

52 2151 206 2186 litiamcs
231 2151 357 2195 (pratis
385 2152 469 2187 libri
493 2164 607 2187 manu
632 2154 760 2196 scripti
785 2155 915 2197 omnes)
947 2154 959 2198 ΙΙ
989 2159 1026 2186 10
1052 2153 1204 2197 aliquod
1228 2155 1239 2198 11
1265 2160 1300 2187 14
1326 2165 1401 2187 nun

51 2200 92 2231 ut
117 2199 201 2242 (non
226 2202 267 2232 ut
292 2201 429 2244 apoyr.)
450 2202 460 2243 ΙΙ
480 2206 516 2233 18
536 2200 601 2234 del.
624 2201 711 2235 Keil
730 2212 807 2235 cum
829 2211 918 2235 corr.
940 2201 1014 2236 eod.
1038 2202 1125 2236 Par.
1146 2203 1157 2244 ΙΙ
1177 2208 1214 2234 29
1241 2201 1372 2235 addidi
1393 2201 1398 2246 Ι

53 2244 118 2279 del.
147 2246 233 2280 Keil
259 2246 360 2290 (haec
398 2246 523 2280 habet:
556 2249 698 2292 natura)
731 2249 742 2292 ΙΙ
773 2254 808 2281 31
841 2249 888 2282 ad
921 2249 1021 2291 quod
1052 2250 1197 2291 tempus
1234 2258 1401 2291 quaeque

52 2303 108 2325 res
136 2293 340 2328 Iucundus.
390 2295 437 2328 ad
463 2295 563 2337 quod
589 2306 758 2338 quaeque
783 2297 930 2339 tempus
956 2306 1012 2329 res
1031 2296 1043 2339 ΙΙ

123 2358 233 2383 VARRO
253 2365 320 2383 BER.
340 2365 428 2384 Rvs'r.
448 2366 498 2385 m).
518 2366 552 2385 Π.
1167 2358 1187 2387 4
