1555 2527
89 73 109 113 1
116 72 173 113 52
644 72 885 108 VARRONIS

84 171 223 224 turus,
269 173 441 211 tertium
485 173 583 225 post
626 172 897 225 vergiliarum
943 184 1152 224 occasum,
1204 173 1244 212 et
1286 174 1362 226 ita,
1407 175 1443 214 si

85 229 264 271 fecunda
314 233 369 271 sit
419 231 552 283 alvos,
603 232 650 271 ut
693 245 745 271 ne
789 231 885 284 plus
931 232 1054 271 tertia
1096 244 1192 284 pars
1237 233 1444 273 eximatur

84 290 234 342 mellis,
267 291 476 344 reliquum
507 292 556 330 ut
587 290 834 331 hiemationi
859 290 1138 344 relinquatur,
1172 289 1296 345 sin[e]
1324 291 1441 332 alvus

84 363 172 390 non
198 352 253 390 sit
278 350 441 403 fertilis,
467 348 690 403 ni[si]quid
717 351 933 390 eximatur.
972 349 1238 403 exempt<i>o
1266 365 1361 392 oum
1381 353 1444 392 est

84 411 235 462 maior,
279 423 414 463 neque
458 411 697 450 universam
741 423 876 462 neque
913 409 1054 462 palam
1091 410 1224 450 facere
1263 412 1441 464 oportet,
1479 425 1495 451 ⁵

83 483 136 509 ne
175 468 370 509 deficiant
408 471 606 509 animum.
668 468 753 508 favi
785 471 858 522 qui
890 470 1147 522 eximuntur,
1194 471 1315 523 siqua
1345 483 1441 523 pars

83 527 192 568 nihil
232 527 359 568 habet
397 529 469 568 aut
505 527 632 568 habet
662 529 927 581 mennatum,
970 529 1140 569 cultello
1173 530 1442 583 praesicatur.

15 585 70 627 35
83 587 389 641 providendum
414 602 467 628 ne
491 586 797 639 <in>firmiores
826 601 849 627 a
874 587 1176 628 valentioribus
1204 591 1443 642 oppriman-

84 649 170 688 tur:
216 662 263 688 eo
309 649 420 687 enim
463 649 671 687 minuitur
714 647 887 687 fructus.
961 648 1104 700 itaque
1145 647 1441 689 imbecilliores

85 708 262 747 secretas
305 706 519 747 subiciunt
563 705 640 747 sub
685 707 864 747 alterum
904 720 1056 760 regem.
1119 720 1224 761 quae
1256 707 1440 748 crebrius
1462 724 1496 748 ιο

83 768 194 807 inter
238 780 280 807 se
317 766 587 820 pugnabunt,
633 768 801 820 aspargi
840 780 906 806 eas
946 767 1113 819 oportet
1150 780 1259 820 aqua
1294 767 1442 808 mulsa.

84 839 167 879 quo
200 825 310 866 facto
343 840 431 866 non
462 825 586 866 modo
620 824 740 879 [non]
775 825 983 866 desistunt
1013 839 1174 880 pugna,
1214 825 1285 867 sed
1316 828 1443 867 etiam

84 885 347 926 conferciunt
391 900 433 926 se
477 884 762 939 li<n>genteS‚
808 899 855 926 eo
894 887 1048 939 magis,
1094 887 1129 925 si
1165 886 1303 926 mulso
1344 887 1444 926 sunt

85 959 294 998 asparsae,
346 958 429 998 quo
478 947 652 999 propter
701 944 872 986 odorem
921 944 1083 985 avidius
1134 945 1350 999 applicant
1399 959 1441 986 se

14 1003 69 1044 36
85 1006 210 1058 atque
254 1004 559 1058 obstupescunt
601 1006 809 1058 potantes.
879 1006 914 1044 si
959 1018 1008 1044 ex
1053 1004 1146 1045 alvo
1184 1007 1325 1045 minus
1364 1004 1442 1045 fre·
1462 1020 1495 1046 15

85 1066 258 1118 quentes
298 1064 480 1105 evadunt
518 1079 564 1105 ac
603 1063 784 1105 subsidit
821 1064 963 1117 aliqua
993 1077 1107 1117 pars,
1153 1063 1443 1118 subfumigan-

85 1124 184 1164 dum
229 1126 269 1164 et
311 1138 442 1177 prope
487 1123 784 1178 apponendum
827 1123 932 1163 bene
971 1124 1176 1164 olentium
1218 1123 1443 1164 herbarum

14 1182 67 1224 37
84 1186 264 1224 maxime
314 1185 545 1237 apiastrum
597 1185 636 1224 et
684 1183 890 1237 thymum.
968 1182 1274 1236 providendum
1322 1182 1442 1224 vehe-

84 1245 245 1284 menter
281 1258 334 1284 ne
374 1245 546 1297 propter
585 1244 746 1283 aestum
788 1244 860 1282 aut
890 1244 1064 1296 propter
1094 1242 1229 1297 frigus
1262 1242 1441 1297 dispere-

85 1305 168 1344 ant.
232 1304 267 1344 si
305 1303 472 1356 quando
512 1302 651 1343 subito
689 1301 815 1343 imbri
852 1304 898 1342 in
928 1303 1054 1355 pastu
1087 1303 1186 1342 sunt
1217 1316 1441 1356 oppressae
1461 1318 1495 1344 20

85 1365 157 1403 aut
189 1362 347 1417 frigore
380 1362 531 1415 subito,
572 1363 797 1416 antequam
827 1364 943 1415 ipsae
974 1361 1237 1415 providerint
1266 1361 1311 1403 id
1341 1362 1442 1415 fore,

85 1421 198 1476 quod
248 1421 398 1463 accidit
447 1436 540 1463 raro
591 1423 639 1462 ut
689 1421 968 1475 decipiantur,
1022 1422 1063 1461 et
1110 1420 1257 1462 imbris
1307 1423 1441 1476 guttis

85 1480 283 1522 uberibus
329 1481 511 1523 offensae
554 1483 692 1522 iacent
734 1482 986 1535 prostratae,
1030 1482 1078 1520 ut
1122 1479 1316 1535 efflictae,
1361 1481 1442 1522 col-

84 1541 303 1596 ligendum
347 1556 413 1582 eas
458 1543 503 1581 in
540 1555 611 1581 vas
651 1540 822 1594 aliquod
860 1542 901 1581 et
934 1539 1223 1594 reponendum
1253 1542 1299 1581 in
1330 1542 1440 1582 tecto

84 1602 177 1642 loco
219 1615 266 1641 ac
297 1601 457 1654 tepido,
501 1602 694 1654 proximo
728 1600 793 1641 die
825 1613 951 1654 quam
982 1601 1162 1640 maxime
1193 1601 1442 1654 tempestate
1461 1615 1495 1642 25

84 1660 196 1701 bona
238 1663 373 1701 cinere
415 1660 525 1701 facto
568 1674 588 1701 e
625 1660 816 1700 ficulneis
855 1660 983 1713 lignis
1022 1659 1283 1700 infriandum
1312 1660 1441 1713 paulo

84 1721 181 1774 plus
227 1719 344 1761 caldo
390 1734 517 1773 quam
554 1719 770 1773 tepidiore.
840 1718 987 1759 deinde
1025 1718 1350 1759 concutiendum
1386 1719 1442 1760 le-

85 1781 192 1820 viter
222 1782 316 1833 ipso
349 1794 467 1833 vaso,
511 1781 560 1820 ut
591 1794 718 1819 manu
749 1793 837 1820 non
867 1780 1035 1832 tangas,
1077 1780 1118 1819 et
1148 1778 1366 1832 ponendae
1396 1781 1442 1819 in

16 1837 70 1878 38
87 1840 185 1880 sole.
260 1853 366 1893 quae
410 1841 544 1879 enim'
566 1841 624 1879 sic
669 1839 985 1891 concaluerunt,
1034 1839 1265 1879 restituunt
1309 1852 1352 1879 se
1395 1852 1442 1878 ac

85 1900 366 1952 revivescunt,
417 1900 464 1939 ut
509 1898 615 1939 solet
660 1898 853 1939 similiter
895 1897 986 1937 fieri
1035 1900 1081 1938 in
1129 1899 1284 1938 muscis
1335 1910 1443 1951 aqua
1461 1913 1496 1939 30

205 2044 223 2071 2
250 2037 406 2072 fecunda
431 2038 633 2073 Iucundus.
685 2037 844 2072 secunda
873 2038 884 2081 ΙΙ
915 2043 933 2071 3
960 2049 1012 2081 sq.
1038 2038 1080 2071 ut
1103 2036 1318 2072 hiemationi
1345 2036 1441 2071 Keil.

87 2095 130 2119 ex
155 2085 378 2120 hiematione
401 2086 404 2130 1
429 2086 485 2120 sin
511 2086 612 2120 alvus
638 2096 711 2120 non
738 2085 785 2119 sit
809 2084 950 2127 fertilis,
976 2084 1116 2128 nequid
1142 2085 1229 2120 Keil
1255 2084 1343 2120 duce
1376 2084 1442 2120 Ur-

86 2133 176 2167 sino.
217 2133 295 2167 sine
315 2133 419 2167 aluus
440 2144 512 2167 non
532 2133 572 2167 fit
590 2133 719 2167 fertilis
739 2132 811 2166 nisi
832 2133 923 2176 quid
945 2132 949 2177 Ι
973 2134 1140 2176 exempto
1155 2131 1350 2177 (exemptio
1367 2132 1417 2176 V)
1431 2132 1442 2177 [ἑ

87 2186 105 2213 8
125 2191 170 2214 ne
190 2180 366 2215 firmiores
388 2183 446 2225 (ne
466 2181 682 2215 infirmiores
705 2181 752 2225 V)
772 2181 783 2224 Η
802 2187 837 2213 12
857 2191 930 2214 non
951 2181 1030 2215 Vet
1042 2180 1257 2226 apographa
1267 2179 1441 2223 plwrima.

88 2238 154 2262 om.
177 2228 253 2262 cod.
274 2229 396 2263 Paris.
417 2230 428 2273 [l
447 2235 483 2262 13
504 2239 541 2263 se
560 2228 741 2272 lingentes
760 2239 791 2262 v.
837 2227 1031 2272 seligentes
1051 2228 1062 2272 Η
1080 2234 1117 2261 16
1134 2238 1188 2271 sq.
1203 2225 1442 2271 suffumigan-

88 2275 176 2308 dum
201 2286 232 2309 v.
276 2275 562 2320 subfumigando
590 2274 685 2320 (suff.
705 2275 799 2320 Pol.)
828 2276 839 2320 11
870 2282 908 2309 25
933 2275 1100 2319 proximo
1127 2274 1186 2309 die
1212 2274 1310 2309 Keil.
1359 2284 1442 2318 pro-

88 2333 190 2355 mum
217 2333 235 2356 e
262 2322 321 2357 die
347 2328 433 2359 nota
459 2324 581 2358 mendi
606 2323 776 2370 adposita
795 2324 806 2368 Η
825 2329 864 2356 26
888 2322 983 2357 facto
1003 2334 1033 2358 v.
1078 2321 1174 2357 facta
1191 2323 1202 2367 ΙΙ
