1560 2506
361 61 527 95 RERVM
551 61 856 96 RVSTICARVM
880 62 964 96 LIB.
986 63 1000 95 I
1022 66 1112 96 7-8
1351 64 1406 104 23

68 162 219 200 metuit
241 161 472 213 sumptum3
498 158 571 199 ubi
596 159 730 199 multa
758 158 832 212 e[t]
852 161 1092 213 propinqua
1110 160 1302 213 villa[m],
1328 175 1414 201 non

69 218 200 260 valde.
265 220 448 272 primum
485 232 617 271 genus
659 217 771 271 quod
812 218 898 258 dixi
937 221 1116 259 maxime
1154 222 1316 272 quaerit
1355 221 1454 261 εει-3

69 279 184 331 licta,
225 277 451 318 secundum
482 276 776 330 harundineta,
821 279 991 318 tertium
1023 280 1189 318 iunceta
1221 280 1293 318 aut
1325 281 1411 319 eius

71 339 231 391 generis
272 351 360 377 rem
400 337 600 390 aliquam,
643 338 839 390 quartum
880 336 1066 389 arbusta,
1107 337 1179 377 ubi
1223 337 1412 378 traduces

37 411 50 436 5
69 397 233 450 possint
275 395 365 436 fieri
408 397 575 448 vitium,
620 397 667 435 ut
703 394 1035 436 Mediolanenses
1075 397 1235 436 faciunt
1271 399 1315 437 in
1355 412 1414 437 ar-

68 455 258 508 boribus,
302 469 404 509 quas
449 456 600 495 vocant
644 456 814 508 opulos,
859 453 1061 496 Canusini
1105 458 1150 496 in
1193 455 1222 508 ’ξ-
1265 455 1414 496 hardu-

70 516 224 555 latione
263 516 309 554 in
348 513 449 555 ficis.
520 513 814 567 pedamentum
851 516 953 554 item
990 515 1074 555 fere
1116 517 1315 568 quattuor
1346 516 1455 569 ge-—i

69 588 230 614 nerum:
274 587 407 613 unum
449 572 687 626 robustum,
732 573 845 627 quod
883 575 1089 627 optimum
1131 575 1237 614 solet
1278 574 1414 614 afferri

69 635 113 673 in
161 635 325 673 vineam
376 646 396 673 e
447 646 598 686 querco
650 647 695 672 ac.
738 634 924 686 iunipiro
970 635 1010 673 et
1053 636 1225 673 vocatur
1268 633 1414 674 ridica:

18 707 51 732 ιο
71 693 245 732 alterum
276 692 397 745 palus
429 706 450 732 e
482 693 649 745 pertica,
686 692 857 732 meliore
890 692 1003 745 dura,
1043 706 1125 745 quo
1159 692 1414 745 diuturnior3

70 766 191 805 quem
224 765 318 792 cum
348 750 542 791 infimum
573 753 684 791 terra
716 752 858 803 solvit,
903 754 1026 805 puter
1064 754 1263 792 evertitur
1296 754 1336 792 et
1367 752 1415 792 fit

71 811 206 851 solum
238 824 464 851 summum:
495 812 677 862 tertium,
711 810 822 863 quod
853 810 1201 864 horum'inopiae
1228 811 1414 852 subsidio

68 872 182 910 misit
236 869 574 910 harundinetum.
658 869 755 909 inde
811 872 923 910 enim
978 871 1140 923 aliquot
1196 871 1414 924 colligatas

69 929 186 970 libris
240 928 467 969 demittunt
508 931 554 969 in
597 928 768 969 tubulos
813 928 961 969 fictiles
1007 944 1101 970 cum
1145 930 1275 970 fundo
1326 945 1415 983 per-

16 1002 49 1028 15
69 987 234 1042 tuso[s],
267 1002 368 1042 quas
402 987 591 1041 cuspides
626 988 851 1041 appellant,
890 1003 972 1042 qua
1004 1002 1125 1029 umor
1157 989 1414 1029 adventicius

69 1045 246 1088 transire
295 1049 442 1100 possit.
523 1049 719 1101 quartum
770 1049 832 1087 est
881 1048 1176 1101 pedamentum
1225 1051 1414 1088 nativum

70 1109 157 1147 eius
201 1109 384 1161 generiS‚
427 1106 501 1146 ubi
545 1121 594 1147 ex
639 1106 856 1147 arbon'bus
901 1109 946 1147 in
996 1107 1162 1148 arbores
1212 1108 1414 1148 traductis

68 1166 224 1207 vitibus
265 1168 387 1206 vinea
429 1165 495 1218 fit,
541 1180 645 1219 quos
687 1165 876 1206 traduces
918 1167 1088 1220 quidam
1130 1181 1301 1220 rumpos
1347 1182 1415 1220 ap-

68 1226 239 1280 pellant.
300 1227 444 1265 vineae
488 1225 722 1265 altitudinis
767 1225 915 1266 modus
953 1225 1177 1280 longitudo
1218 1226 1456 1278 hominis,5

15 1299 49 1324 20
68 1285 290 1326 intervalla
326 1284 686 1338 pedamentorum,
732 1299 814 1338 qua
850 1284 976 1325 boves
1009 1287 1143 1326 iuncti
1176 1300 1290 1326 arare
1323 1300 1416 1339 pos-

69 1346 165 1385 sint.
227 1359 274 1385 ea
309 1346 448 1384 minus
489 1346 735 1397 sumptuosa
765 1346 904 1396 vinea,
949 1359 1054 1398 quae
1088 1348 1177 1385 sine
1209 1347 1310 1399 iugo
1343 1347 1417 1385 mi—

67 1405 221 1444 nistrat
258 1403 533 1457 acratophoro
572 1405 728 1443 vinum.
789 1403 915 1444 huius
947 1418 1101 1458 genera
1132 1404 1232 1445 duo:
1272 1419 1416 1456 unum,

67 1465 114 1503 in
154 1477 236 1516 quo
278 1464 387 1503 terra
425 1461 579 1503 cubilia
618 1462 788 1515 praebet
825 1465 935 1515 uvis,
980 1466 1028 1503 ut
1058 1466 1103 1503 in
1136 1461 1239 1503 Asia
1269 1465 1415 1504 multis

68 1523 189 1575 locis,
222 1536 327 1575 quae
359 1535 480 1575 saepe
511 1521 709 1575 vulpibus
743 1524 783 1562 et
813 1522 1055 1563 hominibus
1088 1523 1136 1563 fit
1169 1526 1415 1563 communis,

15 1595 48 1620 25
66 1595 143 1622 nec
184 1595 271 1622 non
315 1583 350 1621 si
393 1583 504 1634 parit
547 1580 699 1621 humus
740 1596 895 1634 mures,
939 1584 1077 1623 minor
1114 1582 1162 1622 fit
1196 1582 1415 1635 vindemia,

67 1642 150 1681 nisi
190 1642 300 1681 totas
340 1642 482 1680 vineas
525 1640 708 1693 oppleris
747 1642 1012 1694 muscipulis,
1058 1640 1169 1695 quod
1201 1644 1246 1681 in
1277 1642 1417 1681 insula

67 1698 316 1740 Pandateria
346 1699 517 1740 faciunt.
567 1700 744 1739 alterum
775 1714 908 1753 genus
940 1702 1082 1753 vineti,
1115 1700 1187 1740 ubi
1221 1715 1266 1740 ea
1291 1701 1414 1741 modo
1431 1700 1456 1740 6

68 1760 305 1799 removetur
337 1773 360 1798 a
390 1760 501 1799 terra
531 1760 641 1811 vitis,
675 1773 780 1812 quae
812 1759 995 1799 ostendit
1027 1774 1068 1800 se
1096 1760 1254 1800 adferre
1279 1775 1414 1800 uvam.

70 1817 146 1858 sub
186 1833 292 1870 eam,
336 1817 410 1858 ubi
445 1820 633 1858 nascitur
670 1832 768 1870 uva,
815 1818 1078 1859 subiciuntur
1111 1821 1272 1859 circiter
1302 1819 1415 1872 bipe-

15 1890 49 1916 30
69 1876 181 1917 dales
223 1891 244 1917 e
286 1878 463 1917 surculis
505 1877 711 1929 furcillae,
755 1891 807 1918 ne
845 1878 1054 1918 vindemia
1091 1878 1201 1918 facta
1239 1878 1415 1932 denique

69 1935 201 1976 discat
231 1936 409 1990 pendere
439 1938 485 1976 in
516 1937 656 1989 palma
688 1939 760 1976 aut
791 1937 979 1977 funiculo
1013 1939 1085 1977 aut
1116 1940 1271 1990 vinctu,
1304 1938 1415 1991 quod

70 1997 232 2049 antiqui
270 1995 476 2036 vocabant
514 1998 682 2036 cestum.
744 1990 805 2036 ibi
842 1996 1035 2037 dominus
1077 1998 1202 2037 simul
1235 2012 1280 2037 ac
1311 1997 1416 2037 vidit

70 2056 311 2108 occipitium
348 2054 680 2108 vindemiatoris,
725 2055 912 2096 furcillas
952 2056 1112 2096 reducit
1148 2056 1415 2096 hibernatum

164 2211 180 2238 1
206 2216 250 2239 ex
266 2205 476 2249 propinqua
499 2206 587 2239 villa
605 2206 807 2242 Iucundus.
835 2208 870 2241 et
888 2206 1096 2250 propinqua
1115 2207 1242 2241 uillam
1263 2208 1274 2251 Η
1292 2214 1325 2240 11
1347 2207 1414 2241 sol-

70 2251 124 2285 vit
148 2252 290 2287 Gesner.
317 2252 436 2287 uoluit
463 2258 472 2293 ΙΙ
501 2260 537 2286 13
560 2253 710 2297 aliquod
729 2255 739 2298 ΙΙ
758 2261 795 2287 14
818 2266 871 2297 sq.
898 2255 962 2289 del.
984 2265 1004 2288 v
1027 2255 1031 2299 1
1055 2265 1144 2298 quas
1169 2255 1264 2289 Keil.
1301 2265 1390 2297 quos
1406 2256 1415 2298 Η

71 2305 107 2332 27
134 2298 243 2333 uiniti
269 2299 397 2344 (uineti
422 2302 559 2345 apoyr.)
578 2302 591 2345 ΙΙ
