1560 2506
363 111 531 146 RERVM
554 110 860 146 RVSTICARVM
883 109 969 144 LIB.
994 110 1027 144 H
1055 115 1096 145 11
1323 112 1407 152 111

57 210 204 263 garini,
235 210 419 262 inquam,
450 207 543 249 ideo
575 210 678 262 aput
709 207 826 248 divae
857 206 1065 248 Ruminae
1097 206 1356 261 sa[c]cellum
1387 223 1411 249 a

57 267 297 322 pastoribus
325 270 458 308 satam
483 267 620 308 ficum.
669 267 730 307 ibi
756 269 866 307 enim
892 267 1030 307 solent
1056 267 1279 307 sacrificari
1304 268 1410 307 lacte

57 341 135 381 pro
178 329 276 367 vino
316 329 356 367 et
393 325 506 380 [pro]
537 326 802 367 lactentibus.
863 325 1103 379 mamma[e]
1137 329 1248 366 enim
1279 329 1409 367 rumis

59 385 164 440 [sive
194 385 439 439 ruminare],
483 388 532 426 ut
562 387 658 426 ante
691 385 899 426 dicebant:
941 399 965 425 a
1001 388 1111 425 rumi
1143 388 1268 425 etiam
1299 399 1412 425 nunc

24 462 38 486 5
59 446 255 486 dicuntur
280 444 469 485 subrumi
495 448 606 499 agni,
631 445 834 484 lactantes
861 459 886 484 a
909 445 1028 488 lacte.
1080 443 1217 497 Qu<i>
1243 447 1412 499 aspargi
1427 446 1458 487 6

60 505 197 546 solent
227 504 345 557 sales,
376 505 525 545 melior
555 504 713 545 fossilis
746 517 872 557 quam
903 506 1102 543 marinus.

176 562 239 604 De
270 565 446 603 tonsura
478 566 619 604 ovium
646 566 831 616 primum
857 563 1155 615 animadverto,
1188 565 1413 616 antequam

58 624 258 675 incipiam
295 622 445 675 facere,
488 637 592 663 num
624 622 804 663 scabiem
836 624 909 662 aut
940 623 1080 662 ulcera
1110 621 1309 674 habeant,
1353 624 1413 673 ut,

60 684 96 723 si
127 695 233 735 opus
266 684 340 734 est,
373 685 469 722 ante
501 684 710 735 curentur,
743 695 868 735 quam
900 681 1165 722 tondeantur.
1215 684 1413 722 tonsurae

7 757 40 783 10
58 743 224 794 tempus
255 743 366 781 inter
397 743 709 794 aequinoctium
746 755 921 781 vernum
954 743 994 781 et
1026 741 1273 793 solstitium,
1319 755 1414 780 cum

60 799 207 841 sudare
238 802 485 854 inceperunt
517 815 625 853 oves,
658 815 682 840 a
713 814 796 853 quo
824 799 973 840 sudore
1000 814 1140 840 recens
1167 800 1265 840 lana
1290 801 1415 840 tonsa

59 859 203 901 sucida
234 860 444 913 appellata
476 862 549 900 est.
598 862 742 900 tonsas
775 861 958 900 recentes
992 859 1136 900 eodem
1168 858 1232 899 die
1264 861 1457 912 perun-7

58 921 169 973 gunt
210 921 309 960 vino
354 921 394 959 et
439 919 548 972 oleo,
592 933 680 959 non
722 933 845 959 nemo
885 919 1069 958 admixta
1107 932 1199 958 cera
1239 918 1334 958 alba
1375 920 1415 958 et

60 978 180 1031 adipe
225 979 366 1031 suilla3
411 981 451 1018 et
495 981 530 1019 si
574 993 621 1019 ea
663 981 773 1018 tecta
811 979 917 1018 solet
955 992 1060 1030 esse,
1106 992 1233 1031 quam
1267 977 1416 1017 habuit

7 1053 40 1078 15
59 1038 213 1091 pellem
243 1040 454 1089 intectam,
487 1052 577 1078 eam
608 1040 859 1078 intrinsecus
890 1037 1031 1077 eadem
1057 1052 1100 1077 re
1124 1039 1416 1090 perinungunt

61 1099 102 1137 et
144 1099 295 1151 tegunt
338 1111 494 1137 rursus.
570 1099 690 1150 siqua
732 1100 777 1137 in
820 1099 996 1137 tonsura
1033 1097 1203 1150 plagam
1245 1098 1415 1149 accepit,

61 1170 156 1197 eum
186 1157 327 1197 locum
359 1156 556 1197 oblinunt
586 1159 678 1210 pice
709 1155 882 1209 liquida.
945 1170 1041 1197 oves
1074 1156 1205 1195 hirtas
1239 1155 1416 1196 tondent

62 1217 224 1256 circiter
265 1215 537 1256 hordeaceam
573 1230 767 1269 messem,
811 1218 856 1255 in
895 1216 987 1255 aliis
1025 1216 1128 1256 locis
1162 1217 1257 1254 ante
1289 1215 1417 1255 faeni-

63 1277 182 1316 secia.
232 1274 402 1328 quidam
434 1274 508 1315 has
540 1274 605 1314 bis
637 1278 682 1315 in
714 1289 824 1315 anno
851 1274 1039 1327 tondent,
1071 1276 1120 1314 ut
1144 1277 1189 1314 in
1209 1273 1461 1327 Hispania8

9 1348 43 1373 20
63 1336 264 1386 citeriore,
298 1348 344 1374 ac
377 1336 623 1374 semenstres
656 1334 818 1374 faciunt
849 1336 1063 1374 tonsuras:
1103 1333 1312 1386 duplicem
1342 1336 1418 1373 im-

62 1392 253 1447 pendunt
284 1407 465 1447 operam,
498 1393 611 1446 quod
643 1396 702 1433 sic
732 1394 828 1446 plus
860 1396 1014 1446 putant
1045 1393 1135 1433 fieri
1166 1394 1297 1445 lanae,
1333 1406 1417 1446 quo

62 1455 233 1494 nomine
278 1452 448 1505 quidam
491 1452 555 1493 bis
601 1455 743 1493 secant
778 1455 911 1506 prata.
981 1452 1268 1506 diligentiores
1307 1454 1418 1505 tege-

63 1513 204 1552 ticulis
238 1511 434 1552 subiectis
468 1526 564 1552 oves
596 1511 768 1552 tondere
801 1512 948 1564 solent,
983 1514 1111 1564 nequi
1143 1510 1261 1552 flocci
1292 1513 1418 1551 inter-

65 1573 172 1612 eant.
235 1570 320 1611 dies
360 1570 411 1611 ad
443 1585 533 1611 eam
565 1585 652 1611 rem
684 1573 909 1612 sumuntur
941 1574 1092 1623 sereni,
1131 1573 1171 1611 et
1202 1573 1253 1610 iis
1285 1570 1328 1610 id
1360 1570 1464 1612 fai-9

10 1643 44 1669 25
65 1633 182 1671 ciunt
207 1630 291 1670 fere
317 1645 340 1670 a
360 1633 511 1683 quarta
530 1630 581 1670 ad
601 1630 818 1670 decimam:
846 1645 941 1670 cum
961 1631 1048 1671 sole
1069 1630 1264 1670 calidiore
1284 1632 1418 1682 tonsa,

64 1704 114 1730 ex
155 1689 305 1730 sudore
346 1693 434 1730 eius
475 1690 574 1729 lana
609 1689 659 1729 fit
695 1690 866 1730 mollior
903 1692 944 1730 et
974 1689 1251 1743 ponderosior
1282 1691 1323 1729 et
1355 1703 1420 1729 co-

64 1750 152 1790 lore
182 1750 365 1790 meliore.
428 1762 554 1802 quam
586 1748 797 1802 demptam
830 1763 876 1789 ac
908 1749 1205 1802 conglobatam
1237 1749 1309 1788 alii
1337 1749 1421 1788 vel-

64 1809 161 1861 lera,
194 1809 266 1848 alii
291 1808 491 1848 vellimna
516 1809 749 1861 appellant:
782 1823 830 1848 ex
860 1807 1075 1862 quo[rum]
1102 1807 1306 1848 vocabulo
1334 1810 1422 1847 ani-

66 1867 271 1908 madverti
319 1868 418 1908 licet
460 1870 578 1921 prius
616 1867 717 1919 <111>
758 1868 855 1907 lana
897 1868 1113 1907 vulsuram
1157 1881 1284 1920 quam
1327 1869 1422 1907 ton-

14 1940 47 1964 3ο
69 1941 209 1967 suram
238 1929 464 1967 inventam.
526 1929 599 1980 qui
631 1929 756 1966 etiam
786 1929 899 1966 nunc
930 1927 1109 1978 vellunt,
1151 1928 1247 1966 ante
1278 1926 1422 1966 triduo

66 1985 223 2026 habent
264 1988 443 2038 ieiunas,
488 1985 600 2039 quod
643 1986 867 2039 languidae
910 1988 1050 2026 minus
1096 1999 1217 2039 aegre
1262 1985 1420 2025 radices

185 2119 202 2146 1
226 2112 407 2146 Ruminae
434 2113 606 2146 sacellum
626 2113 829 2148 Schneider.
880 2112 1047 2146 rumniae
1068 2113 1261 2146 saccellum
1280 2114 1291 2156 Η
1310 2119 1328 2145 3
1353 2122 1423 2155 pro

70 2160 136 2194 del.
163 2159 249 2194 Keil
271 2163 275 2202 Ι
298 2170 317 2194 8
342 2160 409 2194 del.
444 2160 599 2195 Ursinus
624 2171 640 2194 e
666 2161 716 2194 II
737 2163 832 2202 1‚20
855 2161 858 2205 Ι
881 2159 995 2193 rumis
1022 2171 1052 2195 v.
1103 2171 1228 2193 rumus
1260 2162 1271 2204 ΙΙ
1302 2167 1320 2193 4
1353 2160 1420 2194 del.

70 2207 157 2241 Keil
178 2208 183 2251 Ι
204 2218 301 2240 nunc
315 2207 411 2242 Keil.
438 2207 524 2242 inde
539 2208 617 2250 (del.
631 2207 779 2251 Schoell)
799 2209 810 2252 Η
829 2214 847 2241 5
868 2207 932 2251 qui
953 2207 1099 2251 aspergi
1119 2219 1150 2242 v.
1178 2218 1252 2250 qua
1272 2207 1395 2250 spargi
1409 2206 1421 2250 Η

71 2260 89 2286 o
113 2253 248 2287 fossilis
273 2266 303 2289 v.
356 2254 498 2288 fossiles
518 2256 566 2298 118
593 2255 753 2289 scauiem
772 2257 783 2298 11
802 2262 838 2288 14
865 2255 973 2289 suilia
998 2255 1225 2289 Priscianus.
1278 2254 1384 2288 suillo
1410 2253 1421 2297 [Ι

69 2307 106 2334 18
121 2312 174 2343 sq.
188 2301 427 2336 hordeaceam
447 2302 671 2345 (ordeaceam
692 2302 970 2347 1⁷)jfoem'secia
989 2302 1040 2335 '28
1061 2313 1113 2344 sq.
1134 2301 1317 2335 velamina,
1335 2313 1369 2335 m
1390 2305 1424 2335 et

70 2347 231 2394 Scaliyer
252 2348 257 2393 1
279 2349 344 2383 del.
373 2353 404 2383 et
429 2350 512 2383 add.
540 2350 651 2393 Keilu
