1560 2506
356 61 360 63 ’
419 69 586 104 RERVM
608 69 915 105 RvsTICARvM
939 69 1024 104 Lrss.
1044 70 1099 104 12
1160 58 1162 60 ’
1382 71 1434 113 13

91 182 210 223 agro,
250 182 297 208 ea
328 167 418 208 sola
449 169 534 208 sint
564 169 609 207 in
642 168 821 220 cultura,
860 182 914 208 an
946 169 1070 208 etiam
1103 181 1207 221 quae
1238 168 1436 209 inducan-

90 230 160 268 tur
190 230 236 268 in
265 240 379 279 rura,
417 228 465 266 ut
497 240 592 267 oves
626 228 667 267 et
699 228 896 267 armenta.
957 226 1077 267 video
1112 229 1239 280 enim,
1281 230 1353 281 qui
1387 228 1434 268 de
1452 227 1505 268 13

91 288 182 341 agri
214 286 377 326 cultura
409 287 665 339 scripserunt
697 287 737 326 et
766 289 939 339 poenice
972 288 1012 326 et
1042 300 1189 340 graece
1221 288 1263 327 et
1293 288 1435 339 latine,

90 347 216 387 latius
257 346 449 398 vagatos,
501 358 627 398 quam
671 347 916 399 oportuerit.
995 344 1089 399 Ego
1134 360 1248 398 vero,
1296 348 1436 399 inquit

55 421 71 447 ⁶
91 403 227 457 Stolo,
271 418 340 445 eos
380 418 469 445 non
507 406 553 444 in
590 407 704 445 omni
742 419 785 444 re
822 404 1048 445 imitandos
1087 404 1268 446 arbitror
1309 407 1350 446 et
1388 419 1434 446 eo
1463 442 1467 445 .

89 464 238 505 melius
271 463 418 504 fecisse
450 462 670 517 quosdam,
713 466 785 517 qui
823 466 984 504 minore
1016 466 1204 517 pomerio
1236 464 1437 504 finierunt

90 523 268 564 exclusis
318 522 508 576 partibus
554 536 660 576 quae
702 537 789 563 non
831 525 1044 576 pertinent
1089 523 1140 563 ad
1182 523 1290 564 hanc
1338 538 1436 564 rem.

91 596 217 637 quare
257 583 349 623 tota
386 584 542 636 pastio,
589 596 694 636 quae
735 584 1008 636 coniungitur
1046 596 1069 622 3
1098 583 1310 636 plerisque
1344 597 1437 623 cum

91 644 182 696 agri
220 641 401 694 cultura,
444 643 579 695 magis
619 641 671 681 ad
707 644 919 695 pastorem
957 656 1082 695 quam
1121 641 1172 682 ad
1210 643 1437 696 agricolam

37 716 72 742 ιο
89 703 297 755 pertinere
336 700 511 741 videtur.
583 703 777 754 quocirca
813 703 1023 755 principes
1063 703 1135 754 qui
1173 704 1341 755 utrique
1373 701 1509 756 10114

89 761 407 815 praeponuntur
436 759 650 801 vocabulis
678 774 844 814 quoque
871 763 969 801 sunt
995 760 1158 813 diversi,
1191 760 1304 814 quod
1328 755 1441 801 11111ἶέ

90 821 263 861 vocatur
305 820 472 872 vilicus,
521 820 625 859 alter
664 821 866 874 magister
905 822 1079 873 pecoris.
1153 821 1302 861 vilicus
1348 822 1438 873 agri

91 879 254 920 colendi
310 892 435 920 causa
484 880 739 920 constitutus
791 881 915 932 atque
965 879 1201 933 appellatus
1254 893 1277 919 a
1326 880 1439 932 villa,

92 938 204 993 quod
242 937 292 978 ab
331 952 378 979 eo
409 941 456 979 in
487 952 576 978 eam
608 938 899 979 convehuntur
929 938 1090 981 fructus
1123 941 1164 979 et
1196 938 1438 991 evehuntur,

38 1012 72 1039 15
93 1012 187 1039 cum
223 999 416 1039 veneunt.
479 1011 503 1037 a
535 1011 617 1051 quo
650 1000 797 1038 rustici
829 1000 954 1038 etiam
984 1012 1098 1038 nunc
1130 1012 1297 1052 quoque
1328 1000 1439 1038 viam

91 1057 240 1098 veham
265 1057 481 1111 appellant
505 1058 679 1111 propter
704 1059 893 1098 vecturas
921 1059 962 1097 et
988 1058 1151 1110 veliam,
1177 1072 1264 1098 non
1284 1058 1439 1110 villam,

92 1131 174 1171 quo
214 1116 373 1158 vehunt
411 1118 451 1156 et
487 1115 598 1156 unde
635 1116 805 1157 vehunt.
866 1118 968 1157 item
1006 1116 1202 1157 dicuntur
1240 1119 1312 1170 qui
1352 1131 1440 1157 vec-

91 1179 196 1217 turis
229 1177 378 1217 vivunt
403 1176 634 1216 velaturam
659 1176 802 1216 facere.
854 1174 985 1229 Certe,
1017 1178 1158 1230 inquit
1183 1175 1440 1228 Fundanius,
1458 1176 1511 1218 15

92 1237 198 1276 3111113
237 1237 374 1290 pastio
417 1237 457 1275 et
497 1235 603 1275 aliut
643 1238 733 1289 agri
775 1236 955 1288 cultura,
1001 1235 1071 1276 sed
1116 1235 1265 1276 adfinis
1311 1238 1351 1276 et
1394 1238 1441 1275 ut

39 1309 74 1334 20
93 1294 237 1336 dextra
273 1294 379 1335 tibia
411 1295 493 1335 alia
524 1308 650 1348 quam
683 1297 870 1348 sinistra,
910 1296 971 1335 ita
1002 1297 1049 1335 ut
1080 1296 1222 1335 tamen
1254 1297 1309 1335 sit
1341 1309 1440 1349 quo-

93 1354 188 1395 dam
218 1354 343 1395 modo
377 1356 611 1407 coniuncta,
645 1353 758 1407 quod
790 1356 852 1395 est
877 1355 1008 1394 altera
1034 1354 1219 1395 eiusdem
1246 1356 1440 1395 carminis

92 1413 315 1455 modorum
368 1415 596 1466 incentiva,
652 1414 784 1454 altera
834 1416 1081 1454 succentiva.
1166 1412 1223 1454 Et
1273 1413 1441 1467 quidem
1459 1413 1512 1454 16

92 1474 190 1514 11001
222 1472 387 1526 adicias,
424 1475 609 1526 inquam,
643 1475 863 1526 pastorum
894 1475 1024 1513 vitam
1056 1487 1144 1514 esse
1175 1475 1440 1526 incentivam,

94 1533 372 1587 agricolarum
424 1534 706 1573 succentivam
755 1534 923 1573 auctore
973 1532 1215 1574 doctissimo
1272 1532 1441 1573 homine

41 1605 74 1632 25
92 1591 347 1633 Dicaearcho
381 1588 430 1646 (Ι
439 1592 465 1632 5
479 1589 579 1646 Μ.),
613 1594 686 1645 qui
719 1590 913 1632 Graeciae
944 1594 1032 1632 vita
1064 1592 1198 1646 qualis
1232 1592 1359 1632 fuerit
1390 1591 1440 1632 ab

93 1653 216 1692 initio
233 1651 356 1692 nobis
377 1653 439 1691 ita
457 1650 651 1704 ostendit,
663 1653 711 1691 ut
731 1651 1016 1705 superioribus
1038 1651 1297 1705 temporibus
1312 1651 1442 1691 fuisse

94 1711 255 1764 doceat,
294 1725 389 1752 cum
419 1710 609 1751 homines
641 1712 912 1764 pastoriciam
942 1713 1073 1751 vitam
1105 1713 1277 1764 agerent
1307 1724 1442 1764 neque

95 1772 249 1811 scirent
303 1772 429 1811 etiam
480 1783 595 1810 arare
644 1771 799 1810 terram
848 1772 921 1810 aut
970 1784 1103 1811 serere
1152 1770 1320 1811 arbores
1371 1772 1443 1810 aut

93 1831 259 1884 putare3
300 1829 351 1870 ab
391 1830 443 1869 iis
483 1829 681 1870 inferiore
718 1828 852 1883 gradu
891 1831 1038 1870 aetatis
1079 1831 1315 1883 susceptam
1352 1831 1443 1883 agri

42 1902 76 1928 30
95 1889 313 1930 culturam.
393 1890 588 1942 quocirca
636 1902 684 1928 ea
728 1891 905 1929 succinit
946 1889 1150 1943 pastorali
1194 1887 1262 1942 [L]
1271 1921 1281 1942 ,
1332 1888 1444 1942 quod

96 1950 159 1989 est
199 1948 390 2001 inferior,
435 1949 482 1988 ut
525 1947 630 1988 tibia
674 1950 845 1997 sinistra
888 1962 911 1988 a
949 1947 1115 1989 dextrae
1153 1947 1442 1989 foraminibus.

213 2082 249 2109 15
274 2075 376 2109 uiam
400 2075 534 2109 ueham
570 2074 757 2119 appellant
786 2075 900 2119 (uiam
925 2086 1033 2109 ueam
1052 2075 1239 2119 appellant
1263 2075 1443 2110 nonnulla

97 2123 309 2168 apoyrapha
334 2126 365 2158 et
398 2123 498 2164 Vict..
531 2122 632 2156 uiam
663 2122 728 2167 uia
755 2133 860 2157 ueam
885 2123 1072 2167 appellant
1102 2123 1177 2158 cod.
1212 2124 1312 2165 Par„
1344 2122 1444 2156 uiam

97 2169 229 2204 ueham
263 2170 450 2214 appellant
491 2170 525 2204 V
553 2181 633 2205 cum
663 2171 838 2213 plurimis
862 2171 1095 2216 apoyraphis)
1128 2172 1140 2215 ΙΙ
1169 2176 1204 2204 17
1231 2170 1328 2204 unde
1363 2180 1443 2204 eve-

96 2216 189 2252 hunt
222 2218 375 2253 Ursinus
405 2218 417 2262 ΙΙ
446 2223 482 2251 18
518 2217 722 2251 uelaturam
757 2217 986 2262 (uellaturam
1029 2218 1063 2253 V
1088 2221 1120 2252 et
1150 2217 1332 2252 nonnulla
1357 2228 1444 2261 apo·

97 2265 249 2310 9rapha,
274 2265 477 2299 uelaturam
502 2265 576 2299 cod.
605 2265 694 2299 Par.
720 2276 800 2299 cum
825 2266 971 2309 optimis
995 2265 1228 2311 apoyraphis)
1249 2267 1260 2309 ΙΙ
1280 2270 1317 2298 28
1343 2274 1444 2298 arare

100 2323 120 2346 v
134 2316 166 2347 et
178 2312 252 2347 cod.
265 2312 387 2347 Paris.
399 2311 493 2346 arari
512 2313 524 2357 ΙΙ
542 2318 582 2345 30
595 2322 638 2346 03
654 2311 820 2348 Ursinus.
836 2312 869 2346 ei
893 2314 896 2358 Ι
919 2313 961 2347 de
971 2312 999 2346 L
1012 2313 1057 2356 cf.
1072 2323 1194 2347 comm.
1207 2312 1323 2347 Keilii
1330 2323 1369 2356 p.
1380 2312 1445 2356 1811
