1555 2527
81 86 138 128 56
636 85 878 121 VARRONIS

83 185 220 226 solum
259 187 370 226 enim
409 185 592 226 hominis
627 187 801 225 exitium
832 184 983 225 herbae
1016 187 1056 225 et
1089 186 1259 224 semitae
1290 184 1435 225 funda-

0 253 118 288 LLVIII
143 246 342 286 mentum.
390 247 435 285 in
468 243 678 299 segetibus
713 246 852 284 autem
877 245 1135 284 frumentum
1163 258 1244 297 quo
1272 244 1432 284 culmus

81 305 244 357 extulit,
271 303 477 358 spica[m].
528 318 575 344 ea
601 318 705 357 quae
731 302 980 357 mu[l]tilata
1005 318 1091 344 non
1115 306 1188 356 est,
1214 306 1258 344 in
1278 302 1433 344 hordeo

81 365 122 404 et
165 366 324 416 tritico,
369 366 450 404 tria
489 362 616 404 habet
660 365 936 416 continentia,
987 377 1184 417 granum,
1234 363 1433 417 glumam,

83 425 254 463 aristam
286 425 326 463 et
358 425 495 475 etiam,
533 425 730 476 primitus
765 425 880 476 spica
912 437 1006 463 cum
1039 425 1184 475 oritur,
1225 425 1432 476 vaginam.
1458 439 1487 464 ·5

79 497 259 537 granum
286 482 443 522 dictum
470 482 582 536 quod
603 484 664 522 est
684 484 881 522 intimum
903 481 1085 534 soldum3
1112 480 1335 535 gluma[m]
1359 483 1431 535 quj

81 544 143 582 est
183 542 398 583 folliculus
441 544 546 595 eius3
592 543 719 581 arista
760 555 865 594 quae
906 544 953 581 ut
985 555 1082 581 acus
1124 543 1261 581 tenuis
1304 541 1432 595 longa

80 604 234 642 eminet
272 616 292 642 e
330 602 491 655 gluma,
536 600 712 654 proinde
750 602 798 640 ut
837 603 960 654 grani
993 615 1096 653 apex
1131 602 1185 640 sit
1216 601 1361 654 gluma
1392 602 1433 640 et

37 662 216 702 2arista.
279 663 406 701 arista
445 663 484 701 et
515 674 696 714 granum
733 659 930 700 omnibus
962 659 1047 700 fere
1078 661 1244 712 notum,
1289 660 1433 714 gluma

79 723 236 774 paucis.
298 722 440 773 itaque
477 720 521 760 id
559 718 670 773 apud
707 718 895 759 Ennium
934 720 1071 760 solum
1113 721 1316 772 scriptum
1348 721 1432 760 scio
1454 737 1488 761 ιο

80 794 167 820 6886
181 782 224 820 in
234 779 459 820 Euhemeri
474 779 592 819 libris
604 776 759 832 (XIII
778 776 841 832 V.)
854 781 996 819 versis.
1007 778 1172 818 videtur
1182 778 1434 819 vocabulum

81 842 267 893 etymum
304 839 457 879 habere
496 853 519 878 a
556 837 787 892 glubendo,
839 837 951 891 quod
989 852 1036 878 eo
1068 838 1259 878 folliculo
1293 837 1434 892 deglu-

78 898 194 939 bitur
231 913 422 952 granum.
497 900 638 951 itaque
681 897 825 938 eodem
865 896 1069 938 vocabulo
1111 898 1326 951 appellant
1366 897 1434 938 fici

79 960 178 1011 eius,
212 972 338 1011 quam
369 957 541 1010 edimus,
573 957 823 997 folliculum.
886 959 1014 997 arista
1045 956 1166 1010 dicta,
1205 956 1317 1010 quod
1349 971 1433 998 are-

79 1020 157 1058 scit
196 1020 343 1071 prima.
414 1031 594 1071 granum
631 1015 711 1069 (a)
749 1016 948 1070 gerendo:
993 1015 1036 1056 id
1077 1018 1188 1056 enim
1228 1018 1276 1056 ut
1315 1018 1435 1071 gerat
1454 1033 1486 1059 15

79 1080 204 1130 spica,
244 1079 395 1117 seritur
433 1077 708 1128 frumentum,
746 1090 833 1116 non
871 1078 919 1116 ut
956 1074 1202 1130 gluma<m>
1242 1078 1315 1116 aut
1355 1078 1431 1116 ari-

79 1135 241 1190 sta<m>
269 1138 399 1190 gerat,
431 1138 479 1176 ut
510 1138 607 1176 vitis
642 1137 804 1188 seritur,
835 1149 923 1176 non
954 1138 1002 1175 ut
1033 1138 1282 1189 pampinum
1313 1135 1430 1188 ferat,

79 1196 150 1237 sed
181 1198 229 1236 ut
259 1210 395 1237 uvam.
460 1194 652 1249 spica[m]
685 1197 844 1248 autem,
885 1209 1010 1248 quam
1040 1197 1205 1248 rustici,
1242 1197 1291 1235 ut
1322 1209 1431 1236 acce-

77 1258 230 1309 perunt
264 1257 510 1309 antiquitus,
543 1256 695 1296 vocant
727 1269 904 1308 specam,
943 1269 966 1294 a
999 1269 1070 1308 spe
1102 1254 1267 1295 videtur
1297 1257 1431 1296 nomi-

37 1315 191 1356 3nata:
219 1329 309 1356 eam
336 1317 446 1355 enim
473 1314 585 1368 quod
612 1317 781 1368 sperant
807 1314 907 1367 fore,
935 1316 1089 1355 serunt.
1141 1316 1259 1368 spica
1283 1315 1434 1355 mutila
1453 1333 1487 1358 20

79 1375 242 1428 dicitur,
276 1389 380 1428 quae
411 1389 499 1415 non
530 1373 656 1415 habet
688 1375 876 1414 aristam:
910 1388 956 1414 ca
989 1376 1099 1414 enim
1132 1375 1252 1427 quasi
1278 1387 1434 1414 cornua

80 1437 178 1475 sunt
221 1437 442 1488 spicarum.
525 1447 630 1487 quae
674 1435 870 1487 primitus
917 1447 1012 1473 cum
1056 1435 1250 1474 oriuntur
1298 1447 1433 1487 neque

77 1495 202 1548 plane
235 1496 455 1548 apparent,
495 1507 577 1547 qua
609 1493 686 1534 sub
718 1493 851 1533 latent
888 1492 1034 1545 herba,
1073 1507 1120 1533 ea
1156 1495 1329 1534 vocatur
1366 1507 1433 1533 va-

79 1556 195 1608 gina,
237 1556 285 1594 ut
321 1556 367 1594 in
405 1567 487 1607 qua
518 1554 621 1593 latet
653 1552 870 1593 conditum
900 1552 1101 1606 gladium.
1162 1553 1262 1593 illut
1293 1554 1433 1593 autem

81 1627 243 1653 summa
281 1615 327 1653 in
368 1615 483 1667 spica
521 1615 607 1652 iam
647 1614 828 1664 matura,
873 1611 985 1665 quod
1026 1614 1088 1652 est
1125 1614 1264 1653 minus
1307 1626 1432 1666 quam
1452 1631 1485 1656 25

79 1687 275 1727 granum,
316 1674 489 1713 vocatur
521 1672 605 1713 frit.
668 1671 781 1725 quod
810 1670 911 1724 (in)
942 1671 1088 1712 infima
1120 1674 1235 1725 spica
1265 1671 1317 1712 ad
1349 1672 1432 1712 cul-

78 1747 195 1772 mum
228 1734 445 1773 stramenti
473 1746 683 1772 summum
708 1732 810 1771 item
834 1733 973 1771 minus
1001 1744 1127 1784 quam
1152 1745 1332 1785 granum
1358 1733 1431 1784 est,

79 1792 315 1845 appellatur
346 1791 376 1844 †
407 1805 521 1832 urru.

0 1860 112 1894 XLIX
197 1849 303 1892 Cum
354 1852 625 1892 conticuisset
675 1864 751 1890 nec
800 1851 1150 1903 interrogaretur,
1201 1849 1250 1890 de
1298 1852 1431 1890 nutri-

78 1912 173 1952 catu
206 1910 376 1951 credens
408 1911 519 1951 nihil
551 1909 789 1962 desiderari,
826 1908 987 1962 Dicam,
1018 1911 1169 1963 inquit,
1208 1909 1257 1950 de
1288 1909 1431 1951 fructi·
1451 1923 1485 1949 ao

196 2057 214 2083 3
241 2051 306 2085 del.
334 2051 420 2085 Keil
442 2050 447 2096 Ι
470 2050 535 2085 del.
562 2062 597 2084 m
622 2054 653 2085 et
685 2051 866 2085 Victorius
888 2050 893 2094 Ι
916 2049 1012 2095 (ut)
1045 2049 1084 2083 in
1113 2049 1248 2085 Gesner
1277 2050 1288 2094 ΙΙ
1319 2056 1338 2083 6
1363 2050 1428 2085 del.

78 2098 153 2134 cod.
182 2099 269 2133 Par.
290 2100 300 2141 ΙΙ
322 2105 336 2131 7
363 2098 471 2142 longe
498 2098 648 2133 Nonius
666 2099 677 2142 ΙΙ
701 2104 737 2131 15
764 2097 848 2132 add.
876 2097 950 2132 cod.
978 2098 1066 2132 Par.
1087 2099 1154 2142 1116
1179 2097 1343 2142 glumam
1368 2099 1432 2132 aut

76 2145 225 2179 aristam
251 2157 285 2180 m
302 2147 334 2180 V
354 2147 365 2190 Η
389 2152 425 2179 18
453 2146 516 2179 sed
542 2147 582 2179 ut
607 2156 718 2179 uuam
751 2145 829 2189 (sed
853 2156 966 2179 uuam
998 2145 1045 2190 V)
1076 2145 1080 2190 Ι
1109 2145 1175 2179 del.
1202 2145 1395 2180 Iucundus
1418 2145 1430 2191 {5

76 2199 112 2226 1⁹
151 2204 296 2236 specam
334 2194 535 2228 Iucundus.
593 2193 732 2237 spicam
769 2194 780 2236 ΙΙ
817 2199 856 2226 20
887 2192 1018 2227 mutila
1049 2192 1212 2228 Ursinus.
1263 2192 1430 2238 mutica21

77 2247 115 2274 28
141 2251 215 2284 qua
240 2240 423 2275 sublatent
448 2241 558 2285 (unde
583 2252 657 2284 qua
677 2240 743 2274 sub
763 2241 786 2274 1.
811 2239 968 2284 Gesner).
1008 2239 1074 2273 sub
1096 2250 1170 2283 qua
1186 2240 1300 2274 latent
1319 2239 1407 2275 Keil
1418 2241 1429 2285 ΙΙ

77 2294 116 2321 26
142 2288 241 2331 quod
266 2288 305 2321 in
331 2287 457 2322 infima
476 2288 675 2323 Iuczmdus.
710 2288 809 2331 quod
830 2287 868 2320 in
889 2287 993 2322 firma
1011 2289 1022 2332 Η
1041 2294 1080 2321 28
1100 2299 1154 2331 sq.
1177 2290 1200 2331 †
1214 2299 1311 2322 urru.
1339 2287 1429 2321 Cum

78 2335 309 2370 conticuisset
335 2336 431 2370 Keil.
481 2347 654 2369 urrucum
680 2335 913 2369 conticuisset
931 2337 943 2380 ΙΙ
