1560 2506
393 524 454 571 Μ.
493 524 776 571 TERENTI
819 524 1134 572 VARRONIS

178 617 379 659 RERVM
410 616 780 659 RVSTICARVM
810 617 887 659 DE
920 617 1059 660 AGRI
1092 616 1356 661 CVLTVRA

565 688 735 730 LIBER
766 688 978 731 PRIMVS

214 783 358 825 Otium
391 786 425 824 si
457 798 589 824 essem
621 786 879 837 consecutus,
917 783 1146 838 Fundania,
1184 785 1471 828 commodiusI

60 858 74 884 5
95 843 174 884 tibi
210 843 311 885 haec
349 843 586 896 scriberem,
633 857 737 897 quae
774 858 904 896 nunc,
949 846 996 884 ub
1027 846 1191 898 potero,
1237 859 1443 898 exponam

96 905 285 957 cogitans
331 917 418 944 esse
461 902 788 956 properandum,
835 902 964 956 quod,
1009 906 1056 943 ui:
1094 903 1263 957 dieitur,
1309 906 1343 944 si
1381 906 1444 945 esi:

95 963 220 1004 homo
265 962 398 1015 bulla,
443 976 490 1002 eo
533 964 668 1016 magis
708 976 843 1002 senex.
912 977 1045 1003 annus
1086 965 1196 1003 enim
1241 965 1443 1018 octogesi-

94 1037 187 1062 mus
221 1021 416 1062 admonet
446 1036 511 1061 me
544 1023 591 1061 ut
623 1024 805 1062 sarcinas
839 1023 1061 1076 conligam,
1094 1024 1318 1076 antequam
1349 1037 1443 1076 pro-

95 1081 256 1122 ficiscar
288 1096 308 1122 e
339 1082 436 1121 vita.
499 1095 643 1134 quare,
683 1083 882 1135 quoniam
915 1083 1053 1122 emisti
1086 1081 1280 1135 fundum,
1320 1082 1483 1136 quem2

43 1140 198 1181 lobene
237 1140 410 1181 colendo
448 1140 712 1180 fructuosum
750 1155 844 1181 cum
882 1140 1015 1181 facere
1053 1142 1174 1194 velis,
1211 1155 1360 1195 meque
1397 1143 1444 1181 ut

94 1199 137 1240 id
167 1200 272 1240 mihi
303 1200 478 1240 habeam
511 1214 653 1240 curare
684 1214 824 1254 rogeS,
859 1202 1062 1253 experiar,
1105 1202 1145 1240 et
1175 1215 1263 1241 non
1295 1201 1443 1253 solum,

96 1258 176 1313 [ut]
215 1261 305 1313 ipse
343 1258 479 1313 quaad
516 1261 671 1311 vivam,
716 1259 816 1312 quid
854 1259 943 1299 fieri
982 1261 1174 1313 oporteat
1208 1262 1256 1300 ut
1286 1262 1327 1300 te
1358 1274 1444 1300 mo-

94 1333 227 1372 neam,
261 1318 331 1359 sed
363 1321 487 1359 etiam
518 1320 616 1372 post
646 1320 835 1359 mortem.
896 1333 1031 1372 neque
1068 1321 1204 1372 patiar
1237 1317 1484 1372 Sibyllam3

94 1392 182 1419 non
232 1378 369 1418 solum
417 1380 613 1418 cecinisse
658 1392 780 1431 quae,
832 1377 930 1418 dum
974 1380 1148 1431 viveret,
1198 1378 1445 1432 prodessem:

43 1453 74 1479 15
95 1436 354 1490 hominibus,
400 1437 471 1478 sed
515 1438 638 1477 etiam
679 1451 784 1491 quae
822 1451 915 1477 cum
952 1439 1128 1491 perissefi
1165 1440 1274 1491 ipsa,
1319 1439 1359 1478 et
1401 1437 1444 1478 id

96 1498 221 1537 etiam
257 1498 536 1550 ignotissimis
576 1510 742 1550 quoque
774 1496 1034 1550 hominibus,
1080 1496 1130 1537 ad
1163 1499 1279 1537 cuius
1313 1496 1442 1538 libros

94 1558 159 1597 tofa
197 1558 316 1596 annis
355 1558 453 1610 post
489 1555 656 1612 publice
695 1557 876 1596 solemus
915 1555 1064 1608 redire,
1110 1570 1203 1596 cum
1242 1556 1444 1596 desidera-

94 1629 205 1668 mus,
256 1615 357 1669 quid
400 1614 636 1656 faciendum
682 1617 736 1655 sib
779 1615 902 1656 nobis
948 1629 996 1655 ex
1042 1616 1182 1669 aliquo
1227 1617 1443 1669 portento:

94 1688 170 1727 me,
201 1688 254 1715 ne
287 1674 386 1715 dum
415 1677 511 1715 vivo
545 1673 723 1728 quidem,
755 1677 997 1715 necessariis
1031 1677 1132 1715 meis
1167 1674 1279 1728 quod
1310 1676 1444 1728 prosit

43 1751 76 1777 20
95 1734 239 1774 facere.
307 1736 502 1788 quocirca
547 1733 725 1774 scribam
768 1733 847 1774 tibi
884 1736 967 1774 tres
1006 1733 1135 1775 libros
1174 1733 1348 1786 indices,
1394 1733 1486 1774 ad4

97 1807 201 1847 quos
234 1795 456 1846 revertare,
499 1795 619 1846 siqua
648 1795 694 1834 in
725 1807 768 1834 re
801 1807 989 1847 quaeres,
1035 1808 1158 1847 quem
1191 1793 1241 1834 ad
1273 1792 1444 1834 modum

95 1851 278 1907 quidque
321 1854 363 1893 te
405 1854 451 1893 in
495 1851 668 1893 colendo
708 1854 900 1906 oporteat
936 1852 1080 1893 facere.
1155 1854 1195 1893 et
1233 1855 1443 1906 quonjam,

95 1914 142 1952 ub
180 1913 315 1963 aiunt,
361 1911 425 1952 dei
463 1912 660 1952 facien‘ces
701 1911 917 1964 adiuvant,
961 1914 1078 1966 prius
1116 1911 1320 1953 invocabo
1363 1925 1443 1964 eos,

93 1985 180 2024 nec,
212 1973 259 2011 ut-
290 1970 498 2012 Homerus
533 1973 573 2012 εὴ
598 1970 774 2024 Ennius,
806 1970 961 2024 Musas,
994 1971 1065 2012 sed
1097 1970 1314 2012 duodecim
1346 1970 1443 2011 deos

43 2046 76 2073 25
96 2028 336 2083 Consentis5
366 2044 502 2084 neque
533 2032 674 2070 tamen
705 2044 774 2071 eos
806 2030 1001 2083 urbanos,
1035 2045 1213 2084 quorum
1238 2032 1443 2084 imagines

96 2089 147 2129 ad
189 2089 328 2130 forum
372 2092 540 2130 aurassae
584 2091 714 2142 stant,
760 2104 830 2130 sex
870 2104 1003 2130 mares
1045 2092 1086 2130 et
1126 2089 1304 2130 feminae
1347 2090 1443 2130 ‘coti-

96 2148 199 2200 dem,
232 2148 303 2189 sed
333 2149 430 2190 illos
463 2160 528 2189 XII
559 2148 667 2201 deos,
701 2151 773 2202 qui
804 2151 983 2190 maxime
1010 2149 1289 2203 agricolarum
1321 2148 1442 2189 duces

214 2283 231 2309 4
257 2275 295 2310 P.
323 2275 458 2310 OTIVS
494 2276 603 2319 (unde
637 2275 762 2310 Otium
797 2275 828 2309 si
863 2276 1097 2318 Politianus).
1150 2275 1188 2310 Si
1220 2275 1336 2309 otium
1369 2285 1443 2309 cor-

96 2327 208 2358 rector
232 2323 364 2358 codicis
389 2323 491 2358 Flor.
512 2325 576 2367 1111
603 2333 709 2358 curae
741 2324 896 2359 Ursinus
913 2324 925 2367 ll
944 2330 980 2356 27
1008 2323 1253 2369 agriculamm
1272 2323 1283 2366 11
