1560 2506
393 82 560 117 RERVM
585 80 889 116 RVSTICARVM
913 80 998 115 LIB.
1020 81 1051 114 Π
1080 85 1097 115 1
1365 82 1421 122 73

67 192 214 232 pascas
254 181 294 219 et
331 178 497 232 quando
537 180 577 218 et
614 180 704 231 qui,
749 180 796 218 ut
828 192 970 231 capras
1003 181 1049 218 in
1080 181 1315 219 montuosis
1348 193 1420 232 po-

69 239 153 278 tius
179 238 282 278 locis
310 236 470 291 [quam]
497 236 779 290 fru[c]ticibus
807 251 933 290 quam
957 240 1002 277 in
1033 237 1217 277 herbidis
1252 241 1419 290 campiS,

70 310 194 350 equas
241 299 395 337 contra.
465 310 600 349 neque
642 296 783 336 eadem
826 297 919 337 loca
962 299 1119 336 aestiva
1163 299 1202 336 et
1246 296 1422 336 hiberna

70 356 221 396 idonea
261 355 454 396 omnibus
498 355 549 395 ad
586 355 852 409 pascendum.
913 357 1054 408 itaque
1092 370 1240 409 greges
1281 359 1422 396 ovium

34 431 48 455 5
70 415 196 468 longe
240 414 470 468 abiguntur
515 429 564 455 ex
607 413 767 468 Apulia
815 417 860 454 in
905 413 1124 455 Samnium
1173 417 1423 455 aestivatum

70 476 193 527 atque
237 473 288 513 ad
330 473 605 526 publicanum
647 473 916 527 profitentur,
966 488 1036 525 ne,
1087 476 1121 514 si
1171 476 1422 527 inscriptum

68 547 193 586 pecus
219 535 421 586 paverint,
448 533 539 586 lege
566 536 754 573 censoria
780 534 1055 573 committant.
1105 534 1210 573 muli
1238 547 1257 573 e
1284 532 1421 573 Rosea
1441 533 1498 573 lT

69 594 290 645 campestri
323 594 477 632 aestate
504 594 731 646 exiguntur
756 594 801 631 in
827 591 1081 643 †Burbures
1110 593 1216 632 altos
1244 595 1420 632 monteS.

70 653 142 704 qui
184 653 454 704 potissimum
497 665 685 704 quaeque
728 651 934 704 pecudum
977 654 1189 703 pascatur,
1233 651 1424 691 habenda

19 725 50 749 10
69 711 194 763 ratio,
236 724 313 750 nec
352 711 489 751 solum
528 710 640 763 quod
677 711 798 750 faeno
841 710 890 750 fit
923 713 1064 750 satura
1095 724 1201 764 equa
1233 713 1304 750 aut
1335 710 1423 761 bos,

69 783 163 809 cum
205 783 296 809 sues
341 769 421 810 hoc
458 771 592 809 vitent
630 772 670 810 et
708 771 910 823 quaerant
947 769 1162 822 glandem,
1205 770 1275 810 sed
1312 769 1424 822 quod

68 827 272 868 hordeum
313 831 353 868 et
393 828 490 869 faba
529 828 742 869 interdum
781 831 836 868 sit
874 828 1125 881 quibusdam
1158 828 1424 869 obiciendum

70 889 110 927 et
148 886 332 927 dandum
371 887 509 928 bubus
542 889 738 941 lupinum
771 890 810 927 et
842 888 1025 928 lactariis
1058 887 1219 928 medica
1251 890 1290 928 et
1323 890 1424 941 cyti-

71 960 180 999 sum3
224 949 437 999 praeterea
474 947 587 1000 quod
627 949 722 987 ante
761 947 1037 987 admissuram
1070 947 1214 987 diebus
1247 949 1426 1001 triginta

17 1021 48 1045 15
71 1005 270 1046 arietibus
316 1020 361 1046 ac
401 1008 533 1046 tauris
573 1006 695 1046 datur
731 1007 827 1059 plus
869 1006 967 1058 cibi,
1012 1008 1059 1046 ut
1091 1009 1198 1046 vires
1232 1006 1424 1058 habeant,

70 1064 236 1105 feminis
276 1065 412 1105 bubus
452 1065 649 1117 demitur,
695 1065 807 1118 quod
837 1068 1114 1106 macescentes
1147 1066 1296 1105 melius
1331 1079 1425 1106 con-

71 1126 206 1177 cipere
245 1124 453 1165 dicuntur.
517 1125 697 1165 secunda
734 1139 830 1178 pars
871 1127 932 1165 est
965 1125 1013 1165 de
1046 1125 1194 1165 fetura.
1255 1124 1501 1177 nun<c>18

71 1184 238 1236 appello
277 1183 457 1224 feturam
490 1198 513 1224 a
544 1186 748 1237 conceptu
782 1184 833 1223 ad
863 1186 1048 1237 partum:
1089 1184 1134 1224 hi
1167 1187 1278 1224 enim
1309 1199 1424 1237 prae-

71 1244 285 1296 gnationis
329 1245 456 1296 primi
502 1245 542 1283 et
586 1246 759 1283 extremi
798 1244 914 1284 fines.
977 1257 1104 1296 quare
1145 1246 1329 1296 primum
1368 1246 1426 1283 vi-

19 1316 51 1341 20
72 1301 253 1341 dendum
285 1301 334 1342 de
367 1302 631 1355 admissione,
664 1317 746 1355 quo
780 1316 968 1356 quaeque
999 1305 1185 1355 tempore
1212 1305 1259 1342 ut
1282 1304 1425 1343 ineant

71 1360 204 1401 facere
248 1363 452 1414 oporteat.
519 1376 617 1401 nam
658 1364 706 1401 ut
750 1363 875 1402 suillo
920 1364 1060 1415 pecori
1105 1376 1128 1401 a
1166 1362 1335 1402 favonio
1376 1362 1426 1402 ad

71 1422 384 1473 aequinoctium
438 1435 614 1460 vernum
660 1423 813 1473 putant
864 1424 1026 1474 aptum,
1084 1424 1141 1461 sic
1193 1422 1322 1461 ovillo
1374 1421 1425 1461 ab

72 1481 226 1519 arcturi
271 1494 419 1520 occasu
462 1494 595 1533 usque
640 1480 691 1520 ad
735 1481 899 1533 aquilae
938 1494 1140 1520 occasum.
1214 1483 1427 1533 praeterea

71 1538 262 1579 habenda
311 1541 436 1591 ratio,
486 1541 644 1592 quanto
695 1542 918 1592 antequam
968 1542 1144 1592 incipiat
1194 1540 1428 1580 admissura

19 1611 51 1636 25
71 1597 162 1637 fieri
204 1612 337 1638 mares
383 1612 406 1637 a
443 1598 609 1638 feminis
650 1601 828 1639 secretos
866 1598 1066 1651 habeant,
1112 1599 1224 1651 quod
1265 1599 1349 1639 fere
1381 1602 1427 1639 in

73 1656 267 1697 omnibus
306 1657 417 1697 binis
457 1657 671 1698 mensibus
712 1660 807 1698 ante
845 1658 1006 1698 faciunt
1039 1660 1079 1697 et
1111 1661 1353 1698 armentarii
1386 1660 1427 1698 et

73 1717 292 1769 opiliones.
355 1717 486 1757 altera
522 1731 618 1770 pars
659 1719 737 1769 est,
782 1719 827 1757 in
864 1717 1001 1757 fetura
1033 1731 1137 1770 quae
1171 1720 1255 1757 sint
1288 1716 1501 1758 obser-19*

72 1775 224 1827 vanda,
276 1775 388 1828 quod
439 1777 521 1816 alia
571 1777 653 1816 alio
704 1779 891 1829 tempore
935 1791 1078 1829 parere
1124 1777 1241 1817 solet.
1323 1790 1428 1829 equa

74 1837 185 1874 enim
232 1836 420 1875 ventrem
469 1835 550 1875 fert
600 1835 818 1875 duodecim
866 1850 1046 1888 menses,
1102 1850 1226 1876 vacca
1276 1836 1426 1888 decem,

21 1907 54 1932 30
74 1896 162 1934 ovis
197 1896 237 1934 et
269 1908 393 1947 capra
425 1897 594 1947 quinos,
641 1909 709 1934 sus
750 1897 961 1947 quattuor.
1023 1897 1068 1934 in
1100 1895 1237 1935 fetura
1268 1910 1332 1935 res
1365 1898 1426 1935 in-

74 1952 282 1993 credibilis
317 1955 379 1993 est
409 1955 454 1993 in
486 1953 704 2006 Hispania,
745 1953 821 2000 sed,
848 1956 909 1994 est
941 1969 1047 2005 vera,
1087 1953 1199 2007 quod
1231 1957 1274 1994 in
1309 1953 1427 1994 Lusi-

73 2014 188 2052 tania
231 2012 283 2052 ad
327 2026 527 2052 oceanum
570 2015 616 2052 in
660 2027 707 2053 ea
756 2015 943 2066 regione,
994 2013 1067 2053 ubi
1112 2015 1174 2053 est
1224 2013 1427 2066 oppidum

192 2133 210 2160 2
243 2127 308 2162 del.
338 2127 424 2162 Keil
463 2129 467 2171 Ι
506 2127 718 2161 fructicibus
746 2128 841 2171 (frut.
877 2128 923 2171 V)
962 2129 973 2171 ΙΙ
1006 2134 1020 2160 7
1055 2139 1107 2171 sq.
1136 2128 1227 2161 muli
1260 2140 1278 2161 e
1307 2128 1426 2161 Rosea

78 2174 269 2217 campestri
295 2175 483 2209 Victorius.
523 2175 695 2209 mulieros
723 2178 757 2208 et
780 2175 995 2218 acampestri
1016 2177 1026 2219 ΙΙ
1046 2182 1079 2208 17
1102 2176 1186 2209 add.
1204 2176 1396 2210 Incundus
1414 2176 1424 2212 ’ἒ

75 2228 110 2254 :31
141 2224 306 2264 oporteat
340 2223 494 2266 <oportet
532 2223 571 2263 V,
611 2224 775 2265 oporteat
803 2223 967 2267 plurima
1002 2223 1227 2268 apoyrapha)
1264 2225 1268 2267 Ι
1302 2222 1425 2266 pecori

77 2279 146 2302 mv.
195 2279 325 2312 pecore
357 2271 368 2313 Η
399 2276 436 2302 2⁶2
470 2269 581 2303 ouillo
615 2270 759 2304 Gesner.
810 2270 900 2303 ouili
931 2274 942 2312 ΙΙ
971 2276 1006 2302 27
1041 2270 1219 2313 opiliones
1251 2281 1324 2304 mv.
1376 2270 1424 2302 oi-

74 2315 229 2358 piliones
249 2317 260 2360 Η
