1560 2506
321 68 488 102 RERVM
511 66 816 102 RVSTICARVM
840 67 925 101 LIB.
946 67 960 100 1
987 70 1123 101 29—31
1340 67 1396 108 45

54 168 127 206 aut
158 180 272 206 arare
305 168 345 205 eb
374 167 521 219 postea
552 179 704 217 occare,
736 164 779 204 id
811 166 873 204 est
899 162 1078 217 [postea]
1106 167 1396 217 comminuere,

52 239 105 265 ne
138 227 192 265 sit
223 224 382 278 glaeba.
432 223 544 278 quod
574 226 635 264 ita
666 223 872 276 occidunt,
905 237 1046 263 occare
1073 223 1240 264 dictum.
1292 226 1395 263 vites

53 285 299 337 pampinari,
333 282 403 324 sed
435 297 458 323 a
490 285 644 323 sciente
676 280 792 337 (nam
821 282 865 322 id
897 296 1022 336 quam
1053 285 1200 336 putare
1232 281 1396 337 maius),

52 356 187 397 neque
226 345 272 383 in
312 342 500 395 arbusto,
546 342 616 382 sed
655 344 701 382 in
738 344 860 384 vinea
896 341 997 382 fieri.
1058 344 1303 395 pampinare
1335 343 1436 383 est?

18 417 32 442 5
53 416 74 442 e
113 403 320 442 sarmento
360 402 468 442 coles
508 404 579 454 qui
610 403 700 441 nati
733 403 847 454 sunt,
881 400 929 441 de
960 403 1030 453 iis,
1063 403 1136 454 qui
1166 402 1396 455 plurimum

51 461 202 514 valent,
233 459 471 514 (primum)
503 459 604 514 a<c>
631 460 868 513 secundum,
899 474 986 500 non
1016 474 1247 514 numquam
1272 463 1397 500 etiam

51 522 237 573 tertium,
279 521 530 574 relinquere,
571 521 753 573 reliquos
787 519 1018 573 decerpere,
1059 534 1112 559 ne
1144 520 1298 560 relictis
1332 533 1396 560 co-

51 578 161 619 libus
204 581 460 620 sarmentum
500 581 681 633 nequeat
720 581 958 619 ministrare
1000 593 1156 620 sucum.
1218 579 1310 619 ideo
1351 581 1395 619 in

50 640 217 679 vitiario
249 640 445 692 primitus
479 653 573 679 cum
606 640 690 679 exit
720 640 830 691 vitis,
868 640 959 679 tota
989 641 1157 678 resicari
1190 639 1306 690 solet,
1348 640 1395 678 ut

0 713 31 738 ιο
50 697 233 738 firmiore
284 699 493 738 sarmento
545 712 565 738 e
614 700 725 738 terra
768 700 884 737 exeat
928 700 1052 750 atque
1096 700 1141 738 in
1184 697 1394 751 pariendis

51 756 211 797 colibus
255 759 362 797 vires
406 757 558 797 habeat
599 759 789 797 maiores.
871 756 1109 797 eiuncidum
1153 759 1263 797 enim
1314 757 1436 797 sar-3

48 818 237 856 mentum
276 818 448 870 propter
487 816 775 857 infirmitatem
813 817 952 856 sterile
983 830 1117 870 neque
1150 830 1198 856 ex
1232 830 1273 856 se
1304 819 1395 870 pob-

50 877 113 915 esb
162 878 290 916 eicere
339 878 483 929 vitem,
540 890 665 929 quam
714 878 865 916 vocant
914 878 1118 916 minorem
1168 875 1394 929 flagellum,

48 937 248 975 maiorem
286 937 326 975 eb
361 937 444 976 iam
482 935 591 975 unde
629 949 733 975 uvae
763 937 995 975 naseuntur
1025 935 1220 988 palmam.
1280 937 1396 988 prior

0 1008 29 1035 ιε»
48 994 190 1034 littera
230 1008 316 1034 una
357 996 520 1034 mutata
563 994 770 1035 declinata
813 1009 837 1034 a
878 996 993 1034 venti
1037 993 1157 1046 flatu,
1204 995 1396 1034 similiter

49 1067 94 1094 ac
125 1052 339 1094 flabellum
369 1052 596 1107 flagellum.
657 1056 881 1107 posterior,
915 1053 1082 1107 quo<d>
1114 1067 1161 1093 ea
1191 1056 1288 1093 vitis
1320 1056 1395 1093 im-

47 1114 231 1153 mittitur
280 1112 331 1153 ad
379 1127 480 1153 uvas
530 1113 769 1167 pariendas,
820 1112 930 1153 dicta
978 1115 1114 1166 primo
1165 1113 1329 1153 videtur
1373 1127 1397 1152 a

47 1171 246 1225 pariendo
277 1173 495 1226 parilema:
540 1175 636 1213 exin
666 1174 838 1212 mutatis
870 1173 1039 1225 lihteris,
1083 1174 1131 1212 ut
1161 1174 1207 1212 in
1237 1172 1437 1224 multis,4

48 1230 129 1271 dici
169 1233 316 1285 coepta
357 1232 508 1285 palma.
579 1246 627 1272 ex
669 1232 799 1272 altera
837 1234 954 1285 parte
995 1234 1105 1285 parit
1143 1232 1393 1285 capreolum.

0 1306 28 1331 ιο
46 1292 82 1330 is
104 1292 166 1330 est
185 1291 387 1332 coliculus
407 1293 541 1331 viteus
562 1293 758 1344 intortus,
790 1294 837 1331 ut
858 1293 1087 1331 cincinnus.
1119 1291 1219 1344 <h>i
1240 1290 1394 1344 s<unt>

47 1352 158 1390 enim
198 1352 295 1390 vitis
337 1350 488 1404 quibus
530 1353 669 1391 teneat
705 1350 749 1390 id
790 1364 872 1404 quo
915 1352 1044 1404 serpi‘n
1077 1350 1128 1390 ad
1159 1351 1298 1390 lociun
1331 1364 1393 1391 ca-

45 1408 256 1462 piendum,
288 1408 367 1462 (a)
399 1424 481 1464 quo
509 1409 708 1464 capiendo
736 1410 951 1463 capreolus
979 1409 1125 1450 dictus.
1176 1423 1298 1450 omne
1324 1424 1393 1463 pa-

45 1467 209 1521 bulum,
252 1471 436 1522 primum
475 1472 642 1510 ocinum
674 1469 928 1523 farraginem
958 1471 1125 1521 viciam,
1165 1471 1393 1509 novissime

45 1527 225 1580 faenum,
258 1530 398 1569 secari.
461 1531 629 1569 ocinum
661 1528 819 1568 dictum
851 1543 874 1568 a
905 1542 1053 1582 graeco
1085 1527 1211 1568 verbo
1238 1525 1392 1581 ὠκέως,

0 1601 26 1627 25
47 1586 159 1640 quod
182 1588 293 1627 valet
319 1590 412 1640 cito,
446 1589 638 1628 similiter
663 1587 832 1642 quo<d>
858 1590 1039 1628 ocimum
1064 1590 1109 1628 in
1133 1587 1269 1628 horto.
1313 1587 1390 1628 hoc

46 1646 225 1699 amplius
267 1645 425 1686 dictum
466 1650 653 1699 ocinum,
699 1646 812 1700 quod
853 1649 954 1687 cit-at
995 1647 1133 1687 alvom
1172 1646 1309 1687 bubus
1352 1650 1392 1687 et

44 1702 143 1746 ideo>
168 1707 220 1746 iis
254 1705 385 1759 datur,
418 1708 466 1746 ut
496 1709 742 1760 purgentur.
792 1705 835 1746 id
868 1709 930 1746 est
960 1705 1066 1759 <ex>
1097 1705 1226 1746 fabali
1253 1709 1391 1760 segete

44 1764 174 1804 viride
224 1767 398 1818 sechum,
449 1768 673 1819 antequam
722 1768 849 1819 genat
900 1766 1085 1819 siliquas.
1146 1764 1431 1819 <farrago>5

45 1826 191 1864 contra
228 1838 276 1864 ex
315 1827 453 1878 segete
496 1824 570 1865 ubi
614 1827 704 1865 sata
741 1824 926 1865 admixta
961 1824 1164 1865 hordeum
1203 1827 1242 1864 et
1285 1827 1392 1864 vicia

0 1898 26 1923 ιο
46 1884 86 1922 et
132 1883 347 1937 legumina
392 1883 539 1937 pabuli
577 1898 702 1924 causa
732 1883 880 1937 viride,
925 1887 996 1924 aut
1035 1883 1214 1937 quo<d>
1262 1882 1389 1937 [sart]

44 1941 152 1983 ferro
197 1956 331 1996 caesa,
381 1943 562 1998 ferrago,
615 1943 741 1996 dicta,
785 1946 858 1994 auh
894 1943 1007 1996 inde,
1059 1943 1171 1997 quod
1207 1946 1390 1996 primum

160 2028 177 2055 1
203 2021 243 2056 id
263 2024 316 2056 est
335 2023 492 2057 Nonius.
520 2025 556 2057 eb
572 2025 701 2066 postea
718 2024 729 2067 ΙΙ
749 2030 766 2056 5
788 2023 906 2057 caules
928 2024 1076 2058 Nouius
1094 2025 1106 2067 ΙΙ
1125 2030 1143 2056 6
1167 2023 1330 2067 primum
1349 2034 1390 2057 ac

45 2069 244 2103 secundum
256 2070 415 2105 Nonius.
436 2071 659 2104 asecundmn
679 2071 739 2115 (ad
760 2071 960 2104 secundum
981 2071 1028 2115 V)
1049 2073 1059 2115 Η
1077 2077 1115 2104 16
1129 2071 1214 2105 add.
1231 2070 1389 2116 Gesnerqg

44 2122 83 2149 20
109 2117 192 2152 add.
220 2117 308 2152 Keil
337 2119 348 2162 ΙΙ
379 2124 414 2151 21
447 2128 520 2161 quo
547 2118 642 2152 Keil.
693 2129 768 2161 qua
797 2119 808 2162 ΙΙ
839 2125 876 2152 22
909 2119 993 2153 add.
1022 2119 1108 2153 Keil
1138 2119 1150 2162 ΙΙ
1178 2124 1216 2152 23
1242 2118 1388 2152 ocinum

44 2163 201 2199 Nonius.
245 2164 405 2198 ocimum
423 2166 434 2209 ΙΙ
453 2171 492 2198 24
518 2165 631 2199 secari
656 2166 730 2200 cod.
758 2166 878 2201 Paris.
925 2166 1031 2200 sicari
1053 2169 1058 2210 Ι
1080 2175 1184 2200 oceos
1204 2166 1216 2210 ΙΙ
1235 2172 1272 2199 25
1290 2166 1389 2208 quod

44 2210 192 2246 Nonius
220 2212 232 2255 11
262 2218 299 2246 27
332 2211 372 2245 id
398 2214 452 2246 est
476 2223 520 2246 ex
544 2212 657 2246 fabali
684 2213 779 2247 Keil.
830 2213 870 2246 id
895 2216 949 2247 est
972 2213 1089 2247 sabuli
1120 2214 1131 2258 ΙΙ
1162 2218 1200 2246 28
1225 2213 1289 2247 hoc
1315 2213 1388 2247 loeo

43 2257 176 2292 addidi
204 2260 216 2303 11
241 2265 285 2292 30
310 2259 426 2293 viride
464 2261 527 2293 aut
560 2261 660 2303 quod.
695 2260 788 2304 [fart]
822 2260 916 2295 ferro
950 2261 1091 2304 scripsi.
1152 2260 1281 2294 uirdea
1315 2270 1387 2303 quo

42 2304 113 2339 sart
135 2305 228 2339 ferro
248 2307 314 2350 [181
340 2308 402 2340 aut
426 2306 512 2341 inde
539 2308 638 2350 quod
663 2308 737 2342 eod.
760 2308 880 2343 Paris.
931 2310 994 2342 aut
1018 2307 1096 2341 nise
1123 2308 1222 2350 quod
1240 2308 1252 2351 ΙΙ
