1555 2527
92 73 112 114 1
120 72 177 115 50
649 72 890 108 VARRONIS

16 171 70 212 27
87 173 272 225 insuave,
298 170 376 224 (e)
403 174 536 225 cytiso
562 171 733 224 bonum,
761 186 781 212 e
807 172 954 226 thymo
981 174 1201 226 optimum.
1246 171 1328 213 cibi
1347 187 1444 226 pars

88 231 200 285 quod
243 234 361 285 potio
402 233 442 272 et
479 245 526 271 ea
563 233 614 271 iis
655 245 763 285 aqua
801 232 976 285 liquida,
1021 231 1131 272 unde
1168 231 1316 272 bibant
1357 246 1445 273 esse

88 293 271 344 oportet,
311 305 483 344 eamque
515 293 816 344 propinquam,
859 305 963 344 quae
995 290 1265 345 praeterfluat
1297 293 1370 331 aut
1399 293 1444 332 in

87 351 270 404 aliquem
314 351 452 391 lacum
495 349 662 403 influat,
707 352 766 390 ita
810 353 858 390 ut
899 365 951 391 ne
990 351 1213 391 altitudine
1252 350 1445 391 escendat

88 409 169 451 duo
214 412 287 450 aut
324 412 407 450 tres
447 409 625 463 digitos:
669 412 714 449 in
753 424 835 463 qua
873 424 981 464 aqua
1015 412 1177 450 iaceant
1208 412 1339 451 testae
1371 412 1444 451 aut

87 470 240 523 lapilli,
284 471 344 509 ita
388 471 435 509 ut
479 471 620 509 extent
658 470 848 522 paulum,
893 469 966 510 ubi
1005 469 1191 510 adsidere
1230 472 1269 510 et
1303 469 1444 510 bibere

85 531 263 582 possint.
325 531 370 569 in
409 542 491 582 quo
531 528 756 582 diligenter
793 528 984 569 habenda
1022 543 1120 570 cura
1157 531 1205 569 ut
1243 543 1351 583 aqua
1389 531 1445 570 sit

85 603 208 642 pura,
251 588 362 642 quod
401 588 452 628 ad
483 587 743 628 mellificium
775 587 935 629 bonum
966 589 1231 629 vehementer
1261 588 1444 643 prodest.

14 647 70 688 28
87 648 200 702 quod
236 662 323 689 non
362 650 498 688 omnis
531 649 757 701 tempestas
791 647 841 687 ad
873 650 1042 701 pastum
1074 648 1241 702 prodire
1272 649 1443 703 longius

85 709 263 761 patitur,
302 707 612 760 praeparandus
652 707 717 747 his
752 707 886 760 cibus,
924 721 977 748 ne
1009 710 1101 748 tum
1137 708 1260 748 melle
1292 722 1443 762 cogan-

85 769 154 807 tur
187 767 276 808 solo
310 769 447 807 vivere
480 768 553 806 aut
584 767 819 820 relinquere
855 769 1087 807 exinanitas
1121 767 1249 808 alvos.
1310 769 1444 821 igitur

85 826 261 867 ficorum
305 829 530 880 pinguium
569 828 733 866 circiter
771 826 911 866 decem
947 826 1089 880 pondo
1129 826 1365 880 decoquont
1398 829 1444 867 in

85 901 216 940 aquae
261 888 422 940 congiis
470 900 557 938 sex,
603 900 704 939 quas
745 888 881 927 coctas
920 888 965 926 in
1004 886 1106 927 offas
1145 900 1276 940 prope
1317 900 1444 940 appo-

84 948 204 986 nunt.
267 946 339 986 alii
378 960 529 999 aquam
566 946 748 986 mulsam
785 948 831 986 in
867 946 1047 986 vasculis
1080 960 1211 999 prope
1243 947 1291 986 ut
1323 943 1445 999 si[n]t

87 1007 245 1058 curant,
277 1008 323 1045 in
354 1019 459 1059 quae
485 1004 644 1045 addunt
669 1006 810 1045 lanam
834 1020 995 1059 puram,
1026 1019 1101 1059 per
1127 1019 1252 1059 quam
1278 1006 1444 1060 sugant,

87 1079 171 1106 uno
215 1067 403 1118 tempore
440 1080 492 1105 ne
529 1066 635 1118 potu
672 1067 852 1105 nimium
888 1066 1144 1119 impleantur
1182 1066 1254 1105 aut
1290 1079 1342 1105 ne
1382 1067 1444 1105 in-

88 1124 228 1165 cidant
259 1127 304 1165 in
337 1138 499 1178 aquam.
563 1125 731 1178 singula
761 1139 860 1165 vasa
890 1126 1057 1178 ponunt
1089 1123 1140 1164 ad
1172 1125 1305 1177 alvos,
1343 1124 1443 1165 haec

87 1185 350 1238 supplentur.
407 1184 480 1224 alii
511 1199 637 1224 uvam
667 1199 835 1238 passam
868 1186 908 1224 et
939 1184 1066 1224 ficum
1098 1198 1192 1224 cum
1223 1185 1442 1238 pisierunt,

85 1244 310 1285 affundunt
336 1258 480 1297 sapam
512 1245 636 1297 atque
669 1258 718 1284 ex
745 1258 792 1284 eo
825 1244 954 1284 factas
989 1243 1092 1284 offas
1125 1245 1346 1297 apponunt
1371 1243 1443 1296 ibi,

85 1318 168 1357 quo
194 1304 363 1356 <f>oras
390 1303 526 1344 hieme
552 1306 598 1344 in
622 1303 826 1357 pabulum
852 1303 1073 1357 procedere
1099 1305 1239 1343 tamen
1264 1304 1441 1357 possint.

12 1364 68 1405 29
204 1361 310 1404 Cum
342 1378 515 1404 examen
547 1365 757 1403 exiturum
790 1365 868 1416 est,
913 1362 1026 1416 quod
1057 1362 1147 1403 fieri
1181 1363 1303 1415 solet,
1349 1377 1444 1403 cum

84 1423 259 1463 adnatae
303 1437 501 1476 prospere
547 1425 645 1463 sunt
688 1423 846 1463 multae
891 1437 936 1463 ac
985 1424 1231 1476 progeniem
1280 1423 1329 1463 ut
1379 1436 1443 1463 co-

83 1483 242 1524 loniam
287 1484 475 1523 emittere
519 1483 686 1535 volunt,
730 1484 778 1522 ut
822 1483 924 1523 olim
963 1481 1106 1523 crebro
1141 1480 1288 1523 Sabini
1325 1481 1443 1522 faeti-

83 1544 279 1583 taverunt
315 1544 489 1596 propter
525 1541 843 1582 multitudinem
880 1541 1127 1594 liberorum,
1170 1541 1296 1582 huius
1331 1541 1443 1595 quod

84 1602 166 1643 duo
206 1602 343 1643 solent
380 1604 541 1655 praeire
574 1604 712 1655 signa,
753 1603 901 1642 scitur:
947 1616 1096 1654 unum,
1140 1600 1253 1654 quod
1286 1603 1442 1654 superi-

84 1661 227 1702 oribus
259 1661 417 1714 diebus,
448 1663 628 1701 maxime
657 1663 916 1714 vespertinis,
949 1661 1107 1701 multae
1132 1662 1228 1701 ante
1254 1660 1444 1701 foramen

13 1721 69 1763 30
83 1723 131 1761 ut
175 1735 279 1761 uvae
317 1721 422 1761 aliae
461 1735 509 1761 ex
549 1721 641 1761 aliis
683 1720 867 1774 pendent
912 1720 1207 1774 conglobatae3
1252 1720 1442 1773 alterum,

84 1780 207 1835 quod,
253 1795 347 1821 cum
383 1783 468 1821 iam
507 1781 744 1821 evolaturae
783 1782 882 1821 sunt
923 1782 996 1820 aut
1027 1781 1151 1820 etiam
1183 1781 1442 1833 inceperunt,

84 1842 318 1881 consonant
350 1840 626 1894 vehementer,
667 1839 844 1894 proinde
876 1841 923 1880 ut
953 1840 1109 1880 milites
1142 1839 1315 1893 faciunt,
1347 1853 1442 1879 cum

84 1902 219 1941 castra
249 1902 431 1941 movent.
482 1913 587 1953 quae
612 1898 885 1953 prim[oc]um
912 1900 1113 1952 exierunt,
1144 1901 1191 1939 in
1217 1900 1443 1952 conspectu

202 2047 218 2073 1
238 2039 321 2074 add.
338 2040 530 2074 Iucundus
547 2039 550 2086 Ι
567 2039 682 2073 thimo
703 2041 714 2083 Ι]
733 2046 751 2073 4
770 2040 891 2073 lacum
912 2039 1009 2074 Keil.
1048 2038 1195 2085 locumH
1210 2045 1224 2072 7
1248 2048 1320 2082 quo
1341 2038 1441 2073 Keil.

85 2099 158 2131 qua
176 2089 187 2132 ΙΙ
207 2094 243 2121 10
268 2088 541 2131 praeparandus
568 2099 597 2122 v.
649 2087 941 2131 praeparandum
969 2088 1052 2130 (quo
1077 2091 1217 2122 servato
1243 2097 1293 2120 an
1319 2085 1443 2119 cibum

82 2134 350 2179 scribendum?)
374 2135 378 2179 Ι
400 2135 457 2168 his
479 2135 544 2170 del.
561 2135 647 2169 Keil
667 2137 677 2179 ΙΙ
696 2141 732 2168 14
753 2135 820 2169 del.
841 2146 860 2168 v
880 2136 890 2178 [Ι
910 2141 945 2167 15
965 2145 1097 2178 puram
1117 2134 1205 2169 Keil
1227 2133 1315 2168 duee
1336 2133 1440 2169 Colu-

84 2183 201 2217 mella.
250 2193 452 2226 purpuram
483 2184 494 2227 Η
525 2189 561 2216 18
588 2194 671 2216 cum
695 2182 876 2226 pisierunt
908 2181 983 2216 cocl.
1010 2183 1100 2217 Par.
1151 2181 1413 2225 compisierunt
1431 2180 1442 2226 l!

84 2236 123 2264 20
152 2230 235 2264 add.
272 2230 452 2264 Victorius
471 2231 481 2274 Η
502 2237 539 2263 22
571 2230 786 2274 progeniem
815 2232 856 2263 ut
887 2230 1018 2271 scuipsi
1043 2229 1120 2264 coll.
1148 2231 1230 2271 145,
1243 2231 1293 2263 25
1320 2230 1374 2272 (ut
1403 2227 1442 2262 in

86 2277 173 2311 Keil
192 2278 280 2312 duce
294 2289 323 2312 v.
351 2278 567 2322 progeniem
585 2278 659 2312 cod.
677 2278 878 2317 ansenas).
905 2278 1169 2321 progentemue
1188 2278 1199 2321 ΙΙ
1218 2282 1257 2310 28
1271 2277 1356 2310 sunt
1367 2287 1440 2310 mv.

87 2325 160 2358 sint
178 2326 189 2369 Η
209 2331 247 2358 30
273 2324 436 2368 primum
464 2325 562 2359 Keil.
611 2325 730 2369 primo
758 2336 840 2358 cum
859 2326 870 2369 ΙΙ

1482 427 1497 453 5

1464 723 1498 749 10

1464 1021 1497 1047 15

1463 1319 1497 1344 20

1462 1616 1495 1642 25

1462 1913 1497 1939 30
