1560 2506
341 53 507 88 RERVM
532 53 836 88 RVSTICARVM
861 53 945 87 LIB.
967 54 980 86 Ι
1007 57 1144 87 20—23
1362 54 1417 95 39

75 154 134 192 sic
160 151 208 192 de
231 152 494 192 ferramentis
521 164 624 204 quae
652 152 737 190 sint
763 152 803 190 et
829 164 911 203 qua
931 164 1036 203 opus
1056 151 1418 204 multitudine[m]‚

74 213 122 251 ut
153 211 304 252 ferreas
338 212 443 263 octo,
483 211 644 250 sarcula
683 209 869 261 totidem,
908 209 1079 249 dimidio
1118 212 1256 250 minus
1290 212 1417 264 palas,

74 272 175 310 item
218 271 310 310 alia.
370 271 471 309 item
515 269 688 309 alteram
731 269 956 309 formulam
993 271 1262 309 instrumenti
1300 269 1461 310 fundi4

74 331 225 370 vinarii
256 329 369 381 fecit,
413 330 458 368 in
490 342 573 381 qua
605 328 764 380 scribit,
807 330 842 367 si
875 330 929 368 sit
962 338 986 368 C
1018 330 1227 381 iugerum,
1268 328 1419 369 habere

40 405 55 430 5
75 390 266 442 oportere
315 402 414 428 vasa
463 388 689 428 torcularia
737 388 943 427 instructa
992 389 1119 440 trina,
1170 387 1282 428 dolia
1326 402 1419 428 cum

76 448 282 501 operculis
334 447 565 487 culleorum
615 448 972 500 octingentorum,
1023 449 1206 487 acinaria
1255 449 1419 500 viginti,

74 507 348 547 frumentaria
377 508 547 559 viginti,
590 508 692 546 item
724 508 810 546 eius
843 505 957 546 modi
990 507 1081 546 alia.
1145 520 1249 559 quae
1281 509 1418 546 minus

74 566 208 606 multa
251 565 419 619 quidem
463 565 550 617 alii,
603 565 673 606 sed
716 567 882 605 tantum
924 579 1145 605 numerum
1190 566 1420 606 culleorum

76 627 289 678 scripsisse
319 626 436 678 puto,
467 638 520 664 ne
552 626 769 678 cogeretur
801 626 1025 678 quotannis
1058 624 1232 664 vendere
1264 627 1419 664 vinum.

23 700 56 725 10
74 686 214 724 vetera
251 686 362 724 em'm
399 697 524 737 quam
560 698 670 724 nova
708 686 748 724 et
789 683 929 724 eadem
962 685 1044 724 3110
1077 686 1263 737 tempore
1297 698 1421 737 quam

76 744 157 784 alio
190 744 335 797 pluris.
385 745 486 783 item
518 745 577 783 sic
606 743 653 783 de
679 743 1027 784 ferramentorum
1052 745 1250 783 varietate
1277 742 1462 784 scribitf)

74 803 293 857 permulta,
326 804 366 842 et
397 816 547 856 genere
580 804 619 842 et
650 802 920 843 multitudine
953 816 1035 855 qua
1067 804 1162 855 sint,
1204 805 1251 842 ut
1282 803 1420 855 falces,

74 863 209 916 palas,
259 863 434 914 rastros,
486 863 544 901 sic
594 862 692 914 alia,
745 876 923 915 quorum
966 876 1053 902 non
1102 862 1221 902 nulla
1269 876 1423 915 genera

77 924 231 975 species
275 921 432 961 habent
474 921 633 974 plures,
677 923 724 961 ut
767 921 905 962 falces.
978 935 1075 961 nam
1126 920 1322 961 dicuntur
1371 921 1421 961 ab

23 995 55 1021 15
76 980 220 1022 eodem
252 982 453 1034 scriptore
490 982 717 1021 vineaticae
756 995 860 1034 opus
894 995 981 1021 esse
1014 992 1088 1033 XL,
1129 982 1350 1033 sirpiculae
1381 993 1421 1032 V,

75 1039 311 1081 arborariae
336 1051 396 1092 ΙΙΙ,
421 1041 625 1080 rustariae
651 1051 692 1080 X.
742 1039 823 1080 Hic
849 1039 959 1080 haeai
1012 1042 1054 1080 at
1081 1039 1235 1092 Scrofa,
1262 1039 1422 1080 Instru-
1438 1039 1462 1079 6

74 1101 263 1140 mentum
303 1101 343 1139 et
384 1099 686 1152 supellectilem
726 1101 926 1139 rusticam
959 1113 1124 1140 omnem
1156 1102 1322 1153 oportet
1353 1099 1422 1139 ha-

74 1159 170 1199 bere
203 1160 401 1212 scriptam
432 1160 477 1198 111
506 1158 607 1199 urbe
634 1161 674 1199 et
700 1173 794 1199 rure
821 1158 1047 1211 dominum,
1081 1160 1251 1199 vilicum
1279 1161 1423 1200 contra

76 1233 123 1259 03
159 1220 247 1258 11111
288 1220 429 1258 01111113
461 1219 571 1258 certo
605 1232 680 1258 suo
714 1232 879 1271 quoque
912 1219 1004 1259 1000
1039 1218 1088 1259 3(1
1121 1219 1266 1259 villam
1299 1217 1420 1272 [esse]

23 1292 56 1317 20
76 1279 231 1332 posita3
264 1291 369 1331 quae
399 1291 487 1317 non
518 1279 698 1330 possunt
723 1292 811 1317 esse
839 1277 915 1317 sub
944 1278 1060 1330 clavi,
1094 1292 1217 1331 quam
1244 1280 1422 1318 maxime

75 1337 207 1377 facere
238 1338 286 1376 ut
318 1338 402 1376 sint
433 1338 479 1376 in
511 1338 735 1390 conspectu
769 1339 946 1390 oportet,
988 1351 1035 1377 eo
1068 1340 1202 1390 magis
1237 1351 1284 1377 03
1317 1351 1421 1390 quae

74 1399 120 1437 in
162 1398 317 1436 rariore
362 1397 460 1435 sunt
503 1410 599 1448 usu,
644 1398 692 1436 ut
730 1396 881 1449 quibus
920 1398 965 1437 in
1002 1396 1211 1437 vindemia
1243 1398 1422 1436 utuntur

76 1454 151 1509 [et]
184 1454 389 1507 corbulae,
422 1456 462 1495 et
495 1457 553 1495 sic
584 1456 676 1496 alia.
728 1470 832 1509 quae
865 1458 975 1496 enim
1007 1470 1069 1496 res
1104 1456 1254 1496 cotidie
1281 1456 1421 1496 viden-

75 1517 155 1567 tur,
187 1517 326 1554 minus
359 1516 553 1554 metuunt
585 1515 731 1555 furem.

23 1587 55 1614 25
194 1572 379 1627 Suscipit
409 1571 627 1627 Agrasius,
659 1573 715 1614 Et
747 1577 945 1627 quoniam
977 1574 1176 1615 habemus
1202 1575 1277 1615 illa
1303 1575 1384 1615 duo
1398 1582 1513 1616 XXIII

75 1636 211 1687 prima
254 1647 302 1673 ex
346 1632 549 1673 divisione
588 1633 905 1687 quadripertita,
952 1634 1000 1674 de
1038 1634 1168 1675 fundo
1211 1636 1250 1674 et
1282 1634 1330 1674 (10
1362 1636 1422 1674 111-

77 1694 327 1744 strumento,
378 1706 460 1745 quo
507 1693 587 1732 coli
633 1693 755 1745 solet,
807 1692 855 1733 de
899 1695 1023 1733 tertia
1072 1695 1189 1747 parte
1240 1695 1422 1747 expecto.

78 1750 238 1804 Scrofa,
284 1750 492 1800 Quoniam
523 1752 723 1805 fructum,
768 1754 925 1806 inquit,
971 1752 1151 1793 arbitror
1183 1768 1270 1793 esse
1303 1753 1423 1793 fundi

76 1825 171 1851 eum
208 1813 281 1864 qui
319 1825 367 1851 ex
406 1825 453 1851 eo
493 1813 606 1851 satus
644 1814 831 1852 nascitur
869 1812 985 1852 utilis
1027 1812 1078 1852 ad
1110 1813 1293 1866 aliquam
1325 1827 1423 1865 rem,

24 1883 57 1909 30
76 1870 157 1911 duo
197 1869 511 1922 consideranda,
556 1884 661 1924 quae
700 1873 740 1911 et
778 1885 860 1924 quo
900 1871 1082 1925 quidque
1120 1872 1212 1912 loco
1245 1874 1423 1912 maxime

194 2016 209 2042 1
237 2021 311 2053 qua
335 2020 426 2054 opus
452 2009 686 2044 multitudine
713 2011 809 2045 Keil.
860 2011 959 2054 quod
990 2021 1081 2054 opus
1114 2011 1388 2045 multitudinem
1407 2013 1417 2055 Η

78 2063 95 2090 5
137 2057 233 2091 trina
268 2069 341 2092 mv.
390 2057 499 2091 trima
547 2059 557 2102 ΙΙ
606 2064 619 2090 7
666 2057 847 2092 eiusmodi
891 2058 964 2092 alia
1002 2058 1179 2101 (eiusdem
1218 2058 1291 2092 alia
1333 2059 1366 2092 V
1392 2063 1425 2093 et

77 2105 152 2139 cod.
195 2105 311 2149 Flor.)
344 2106 354 2149 ΙΙ
385 2111 404 2138 9
442 2106 541 2148 quod
578 2105 681 2139 annis
714 2106 725 2150 ΙΙ
755 2112 791 2138 15
829 2116 920 2148 opus
953 2117 1031 2139 esse
1062 2105 1133 2147 XL,
1169 2106 1363 2149 sirpiculae
1390 2106 1422 2139 V

83 2152 273 2187 Victorius.
323 2163 414 2196 opus
459 2163 536 2186 esse
569 2152 822 2196 exisirpiculae
860 2152 892 2186 V
916 2154 927 2197 Η
952 2160 988 2186 19
1027 2164 1194 2197 quaeque
1236 2153 1416 2197 [ΙΙ-31111181

77 2198 143 2234 del.
175 2199 329 2234 Ursinus
353 2201 364 2244 ΙΙ
389 2207 427 2233 20
453 2200 519 2233 sub
547 2200 638 2233 clavi
670 2211 741 2235 mv.
797 2200 960 2234 subclam
991 2201 1001 2244 ΙΙ
1034 2208 1071 2234 23
1104 2201 1168 2235 del.
1198 2201 1284 2235 Keil
1312 2203 1316 2244 Ι
1346 2211 1420 2234 cor-

76 2245 234 2280 bubulae
272 2247 453 2289 (corbulae
493 2248 527 2282 V
552 2251 584 2282 et
615 2248 781 2291 plurima
818 2249 1040 2293 apographa,
1081 2248 1142 2283 sed
1176 2249 1304 2282 diserte
1342 2258 1416 2281 cor-

78 2292 238 2328 bubulae
283 2294 475 2339 Victorius>
495 2296 506 2339 ΙΙ
