1560 2506
376 109 545 144 RERVM
568 108 873 144 RVSTICARVM
897 109 981 144 LIB.
1001 109 1049 143 HI
1071 114 1159 144 7——9
1357 111 1436 152 131

92 206 280 261 modum,
324 209 370 247 in
413 207 582 247 aedibus
627 221 721 247 cum
764 207 915 247 habere
958 207 1125 260 vellem,
1175 211 1255 248 emi
1298 208 1444 249 fictilia

94 265 361 319 columbaria,
389 269 473 306 iam
501 269 627 307 issem
656 268 843 319 emptum
872 266 968 320 e<t>
995 266 1258 319 mi<si>ssem
1288 267 1338 307 ad
1370 269 1443 308 vil-

92 325 188 366 lam.
239 324 367 374 Quasi
399 339 507 378 vero,
539 328 678 379 inquit
703 324 813 379 Pica,
844 340 932 366 non
963 328 1008 366 in
1039 325 1141 366 urbe
1168 340 1332 380 quoque
1360 330 1444 367 sint

92 385 228 426 multi.
290 399 344 425 an
375 384 460 425 tibe
493 384 751 425 columbaria
783 387 854 438 qui
886 388 931 425 in
962 385 1116 439 tegulis
1149 385 1322 439 habent,
1357 401 1444 427 non

57 459 72 484 5
92 443 287 484 videntur
322 443 474 484 habere
509 446 808 497 peristeronas,
854 459 947 484 cum
985 445 1148 498 aliquot
1190 459 1316 498 supra
1354 460 1444 486 cen-

90 505 182 543 tum
212 503 377 544 milium
410 505 646 544 sestertium
677 503 859 544 habeant
889 505 1246 545 instrumentum?
1298 520 1317 545 e
1351 508 1443 559 quis

91 563 267 603 alicuius
299 564 437 603 totum
469 577 579 603 emas
613 577 771 616 censeo,
805 566 845 603 et
871 565 1095 616 antequam
1121 563 1310 604 aedificas
1338 579 1443 617 rure,

90 636 291 675 magnum
332 622 546 662 condiscas
586 622 653 662 hic
690 626 735 663 in
773 623 875 662 urbe
914 622 1065 663 cotidie
1104 624 1267 663 lucrum
1310 638 1443 663 assem

91 683 304 722 semissem
335 681 509 722 condere
541 684 587 722 in
616 682 790 723 loculos.
850 681 988 735 tu[m],
1020 681 1193 735 Merula,
1228 685 1286 723 sic
1316 697 1443 737 perge

38 756 72 781 1ο
92 740 297 794 deinceps

207 798 295 854 Ille,
321 799 572 841 Turturibus
604 803 716 853 item,
747 802 897 854 inquit,
930 801 1069 841 locum
1102 801 1442 842 constituendum
1457 800 1536 834 ἯΠ

89 859 265 913 proinde
296 874 509 914 magnum,
542 874 588 900 ac
619 860 934 900 multitudinem
967 861 1074 901 alere
1106 861 1227 914 velis3
1267 875 1443 915 eumque

89 921 189 959 item
227 921 275 959 ut
313 919 361 959 de
393 919 597 960 columbis
632 919 790 960 dictum
822 922 901 972 est,
946 922 993 960 ut
1024 920 1176 960 habeat
1209 923 1365 980 ostiurq
1397 935 1443 961 ac

90 979 291 1019 fenestras
346 981 386 1019 et
435 992 587 1033 aquam
636 993 786 1033 puram
836 993 882 1019 ac
931 982 1110 1048 parietes
1162 994 1207 1020 ac
1258 994 1441 1020 camaras

38 1053 71 1079 15
91 1040 274 1078 munitas
316 1040 509 1092 tectorio,
555 1038 625 1079 sed
664 1053 741 1092 pro
781 1038 1048 1079 columbariis
1087 1042 1132 1079 in
1166 1042 1323 1093 pariete
1354 1054 1442 1079 mu-

89 1097 202 1138 tulos
251 1099 323 1137 aut
365 1098 483 1151 palos
528 1100 574 1138 in
618 1098 822 1150 ordinem,
875 1113 1001 1152 supra
1045 1112 1149 1152 quos
1194 1100 1442 1153 tegeticulae

90 1156 346 1197 cannabinae
392 1159 476 1197 sint
519 1159 752 1211 impositae.
814 1157 1007 1197 infimum
1046 1158 1233 1199 ordinem
1277 1161 1443 1212 oportet

90 1216 232 1256 abesse
275 1230 299 1256 a
341 1218 451 1256 terra
493 1231 581 1257 non
623 1219 762 1257 minus
807 1219 890 1257 tres
928 1217 1070 1270 pedes,
1114 1220 1224 1257 inter
1258 1219 1441 1271 reliquos

91 1275 330 1329 dodranteS,
384 1290 408 1316 a
458 1290 620 1316 summo
672 1276 723 1316 ad
773 1290 980 1316 camaram
1030 1275 1128 1330 [ad]
1181 1277 1441 1331 semipedem,

35 1349 70 1375 20
90 1349 218 1388 aeque
261 1335 395 1375 latum
439 1350 485 1376 ac
528 1336 716 1375 mutulus
762 1350 785 1375 a
821 1338 979 1389 pariete
1018 1339 1155 1377 extare
1196 1339 1353 1390 potest,
1397 1340 1442 1377 in

91 1394 242 1448 quibus
293 1394 378 1435 dies
428 1397 655 1448 noctesque
698 1397 940 1463 pascuntur.
1020 1395 1176 1436 cibatui
1221 1396 1332 1450 quod
1376 1399 1441 1450 sit,

91 1454 280 1494 obiciunt
316 1455 505 1494 triticum
543 1457 714 1508 siccum,
752 1457 798 1495 in
830 1458 1025 1496 centenos
1058 1458 1224 1496 vicenos
1257 1458 1441 1496 turtures

90 1514 174 1554 fere
219 1513 467 1567 semodium,
511 1513 680 1554 cottidie
725 1516 956 1554 everrentes
1002 1529 1145 1555 eorum
1191 1515 1373 1568 stabula,
1418 1530 1441 1555 a

91 1575 270 1614 stercore
300 1587 353 1613 ne
386 1573 666 1626 offendantur,
712 1573 824 1627 quod
858 1576 959 1614 item
991 1577 1180 1614 servatur
1211 1574 1262 1614 ad
1294 1589 1441 1628 agrum

37 1645 69 1671 25
90 1632 323 1676 colendum.
385 1632 437 1672 ad
469 1632 748 1686 saginandum
779 1633 1138 1686 adpositissimum
1169 1636 1334 1687 tempus
1368 1637 1441 1674 cir-

91 1694 192 1732 citer
222 1706 411 1733 messem.
462 1695 616 1732 etenim
646 1694 799 1732 matres
834 1707 977 1733 eorum
1004 1696 1095 1733 tum
1122 1696 1304 1747 optimae
1332 1696 1440 1747 sunt,

91 1765 186 1792 cum
216 1751 325 1804 pulli
355 1752 528 1805 plurimi
554 1754 801 1806 gignuntur,
834 1755 906 1805 qui
932 1752 983 1792 ad
1009 1752 1212 1792 farturam
1237 1754 1440 1794 meliores.

90 1812 231 1864 itaque
263 1825 406 1851 eorum
437 1811 598 1851 fructus
630 1810 673 1851 id
704 1814 904 1864 temporis
937 1815 1115 1852 maxime
1148 1815 1352 1853 consistit.

209 1868 361 1923 Axius,
393 1869 486 1924 Ego
526 1884 631 1924 quae
668 1873 834 1926 requiro
867 1871 1049 1912 farturae
1082 1870 1283 1925 [assurae]
1316 1886 1440 1912 mem-
1456 1880 1503 1914 IX

36 1942 70 1967 30
89 1928 175 1983 bra,
217 1929 265 1970 de
303 1927 548 1983 [palumbis]
581 1930 751 1984 gallinis
786 1930 850 1970 dic
884 1930 1020 1984 sodes,
1052 1930 1230 1971 Merula:
1268 1933 1359 1971 tum
1392 1931 1439 1971 de

208 2075 226 2102 2
252 2071 287 2103 et
311 2068 495 2102 misissem
520 2068 721 2104 Iuczmdus.
774 2070 943 2104 emissem
972 2072 982 2115 ΙΙ
1007 2077 1025 2103 4
1051 2070 1277 2104 columbaria
1300 2082 1331 2105 v.
1383 2081 1438 2104 co-

89 2115 247 2150 lumbari
283 2116 547 2160 (columbarum
581 2117 655 2151 cod.
685 2117 785 2160 Par„
821 2117 1043 2151 columbarie
1077 2119 1289 2163 apoyrapha
1321 2129 1437 2153 recen-

91 2164 197 2208 tiora)
218 2164 228 2208 ΙΙ
248 2169 265 2197 5
285 2164 436 2207 aliquod
457 2164 583 2207 (aliqui
600 2165 698 2209 Kar)
718 2167 729 2209 ΙΙ
748 2171 766 2198 ⁹
786 2165 853 2199 del.
868 2164 1061 2200 Iucundus
1080 2167 1090 2209 ΙΙ
1109 2172 1145 2199 15
1161 2177 1213 2208 sq.
1228 2165 1387 2199 mutulos
1406 2177 1436 2200 v.

90 2210 222 2244 multos
248 2212 259 2254 ΙΙ
283 2218 318 2244 17
352 2211 575 2245 cannabinae
603 2212 814 2256 <canabinae
848 2213 882 2246 V
909 2217 940 2247 et
971 2214 1151 2247 nonnulla
1183 2213 1439 2258 apoqrapha)]1

90 2264 126 2290 19
147 2258 212 2292 del.
234 2259 320 2292 Keil
339 2260 350 2303 ΙΙ
369 2265 407 2292 23
429 2270 481 2302 sq.
502 2269 543 2293 ac
563 2261 717 2293 stercore
744 2261 778 2303 (a
803 2262 956 2293 stercore
985 2260 1030 2300 V)
1051 2261 1062 2303 ΙΙ
1082 2267 1119 2293 25
1140 2261 1186 2293 ad
1205 2260 1437 2303 potissimum

92 2305 418 2348 (appositissimum
443 2307 655 2351 apographa
679 2307 891 2350 recentiora)
918 2309 928 2350 ΙΙ
954 2314 991 2340 ⁵2⁹
1017 2308 1173 2340 farturae
1193 2319 1223 2342 v.
1252 2317 1413 2340 sarsurae

91 2351 156 2386 del.
179 2351 370 2388 Schneider
388 2354 399 2397 ΙΙ
418 2359 457 2386 30
482 2353 548 2387 dez.
571 2354 655 2388 Keil
674 2355 685 2397 Η

1179 2417 1197 2446 9
1208 2413 1224 2430 ’.ε
