1560 2506
25 744 58 768 10

21 1039 54 1064 15

19 1336 53 1360 20

18 1631 51 1657 25

17 1926 52 1951 30

409 99 576 134 RERVM
599 98 905 133 RVSTICARVM
929 99 1014 133 LIB.
1034 99 1066 133 II
1093 103 1110 133 1
1379 99 1433 141 75

81 199 254 250 propter
301 199 481 237 nimium
524 196 710 236 laborem
753 195 883 248 <a>ut
933 195 1220 249 contra[riam]
1270 198 1434 237 nullam

81 258 437 308 exercitationem,
488 257 561 294 aut
611 257 662 306 si,
708 269 801 295 cum
851 258 1098 307 exercueris,
1151 258 1293 295 statim
1344 259 1433 296 sine

80 315 303 355 intervallo
341 314 482 355 cibum
519 316 592 354 aut
629 316 846 366 potionem
885 314 1056 354 dederis.
1131 317 1253 367 signa
1293 318 1433 354 autem

82 376 197 426 sunt,
240 375 288 414 ut
325 388 470 414 eorum
507 375 580 426 qui
611 372 681 426 [si]
722 387 741 413 e
779 373 920 413 labore
951 373 1110 413 febrem
1145 373 1302 413 habent
1340 374 1432 413 ada-

80 435 246 486 pertum
283 431 387 485 <05>
424 432 566 473 111111ἀο
610 434 761 485 spiritu
804 431 946 472 crebro
989 435 1030 472 et
1070 446 1243 486 corpore
1285 433 1430 473 calido.

80 494 238 532 curatio
272 494 422 544 autem,
455 506 549 531 cum
580 491 649 531 hic
681 493 743 531 est
774 491 958 543 morbus,
990 491 1102 531 haec.
1163 491 1431 544 perfunditur
1445 492 1503 532 23

80 564 188 603 aqua
230 552 270 591 et
313 553 595 604 perunguitur
633 551 725 590 oleo
765 553 805 590 et
843 553 942 591 vino
980 551 1206 604 tepefacto,
1252 553 1292 591 et
1329 553 1431 591 item

79 610 171 650 cibo
211 612 460 662 sustinetur,
505 612 545 649 et
582 612 755 649 inicitur
793 609 970 662 aliquid,
1014 624 1066 650 ne
1107 610 1241 663 frigus
1276 610 1430 650 laedat:

79 670 239 709 sitienti
277 683 385 722 aqua
421 669 563 722 tepida
601 669 733 709 datur.
810 671 844 709 si
882 668 961 709 hoc
999 683 1132 722 genus
1178 669 1300 709 rebus
1342 683 1431 709 non

77 727 312 780 proficitur,
358 728 592 768 demittitur
625 730 814 781 sanguis,
855 730 1034 768 maxime
1068 743 1088 768 e
1121 731 1267 781 capite.
1328 730 1430 768 item

77 786 128 827 ad
169 788 273 828 alios
314 787 483 828 morbos
526 788 630 827 aliae
669 801 816 827 causae
855 789 895 827 et
933 788 1016 827 alia
1054 790 1192 840 signa,
1236 790 1282 827 in
1314 790 1430 827 omni

76 860 224 899 pecore
265 860 370 900 quae
403 849 559 900 scripta
589 846 740 886 habere
773 848 940 899 oportet
971 849 1222 899 magistrum
1254 849 1428 899 pecoris.

76 906 329 958 relinquitur
359 920 520 946 nonum
576 905 688 958 quod
733 905 835 957 dixi,
882 905 930 945 de
973 919 1165 958 numero,
1208 908 1427 958 utriusque
1442 905 1502 945 24

76 967 206 1017 partis
246 979 475 1005 commime.
537 979 635 1004 nam
674 967 714 1005 et
756 967 828 1017 qui
859 967 980 1018 parat
1011 979 1136 1017 pecus
1168 979 1335 1004 11666556
1367 967 1429 1004 est

76 1026 305 1064 constituat
328 1038 561 1076 numerum,
588 1027 692 1077 quot
717 1038 865 1077 greges
890 1026 930 1064 et
950 1022 1187 1077 quanto<s>
1208 1026 1262 1063 sit
1287 1027 1429 1077 pastu-

74 1097 156 1135 rus,
196 1097 249 1123 ne
281 1086 353 1123 aut
386 1084 516 1123 saltus
551 1083 687 1123 desint
720 1086 792 1123 aut
825 1085 1037 1136 supersint
1069 1086 1110 1123 et
1140 1082 1232 1123 ideo
1266 1082 1426 1123 fructus

74 1142 322 1195 dispereant.
401 1145 615 1196 praeterea
665 1145 768 1183 scire
818 1145 1002 1195 oportet,
1052 1145 1096 1182 111
1146 1156 1274 1195 grege
1325 1145 1428 1195 quot

73 1201 249 1241 feminas
304 1201 473 1254 habeat,
530 1216 635 1255 quae
684 1216 828 1255 parere
878 1203 1060 1254 possint,
1112 1204 1216 1253 quot
1266 1204 1427 1254 arietes,

73 1262 177 1313 quot
208 1263 427 1314 utriusque
459 1264 623 1314 generis
659 1261 838 1313 suboles,
871 1263 975 1313 quot
1007 1261 1186 1301 reiculae
1219 1263 1304 1300 sint
1331 1261 1427 1300 alie-

73 1319 245 1360 nandae.
307 1322 352 1360 in
383 1321 612 1371 alimoniis,
658 1323 691 1359 si
725 1322 823 1359 sunt
855 1321 996 1373 plures
1028 1322 1135 1371 nati,
1178 1322 1225 1359 ut
1256 1320 1427 1372 quidam

73 1378 248 1431 faciunt,
294 1379 552 1432 sequendum
594 1381 642 1419 ut
685 1379 888 1432 quosdam
933 1379 1156 1430 subducas,
1207 1393 1311 1432 quae
1362 1393 1425 1419 res

72 1438 206 1478 facere
239 1439 346 1479 solet
376 1440 425 1478 ut
456 1439 609 1491 reliqui
639 1439 788 1478 melius
823 1440 1020 1478 crescant.

190 1497 306 1549 Vide,
339 1500 479 1550 inquit
510 1496 689 1549 Atticus,
721 1512 773 1537 ne
805 1500 846 1537 te
878 1498 998 1537 fallat
1031 1499 1071 1537 et
1101 1511 1289 1537 novenae
1320 1499 1424 1536 istae
1439 1495 1498 1536 525

71 1558 210 1608 partes
255 1571 343 1597 non
387 1559 535 1599 exeant
578 1559 694 1597 extra
737 1559 898 1609 pecoris
944 1559 1118 1596 minoris
1165 1570 1210 1596 ac
1254 1558 1423 1596 maioris

71 1629 235 1656 nomen.
285 1629 367 1668 quo
400 1618 522 1669 pacto
556 1619 667 1656 enim
693 1614 870 1669 [f]erunt
894 1619 939 1655 in
964 1616 1090 1655 mulis
1118 1617 1158 1655 et
1183 1615 1423 1668 pastoribus

71 1688 256 1715 novenae
299 1677 456 1728 partes,
507 1675 580 1715 ubi
616 1689 692 1715 nec
735 1675 990 1715 admissurae
1033 1688 1109 1714 nec
1153 1674 1312 1714 feturae
1354 1674 1424 1714 ob-

71 1734 319 1774 servantur?
374 1737 420 1774 in
452 1734 624 1775 canibus
659 1737 769 1774 enim
800 1734 920 1774 video
954 1748 1077 1787 posse
1110 1733 1203 1773 dici.
1267 1733 1337 1773 sed
1370 1733 1421 1774 do
1438 1733 1495 1773 26

71 1794 197 1832 etiam
238 1795 284 1833 in
321 1793 562 1834 hominibus
602 1807 724 1846 posse
762 1796 1038 1833 novenarium
1078 1795 1249 1832 retineri
1281 1807 1424 1832 nume-

71 1866 182 1904 rum,
227 1852 340 1905 quod
376 1855 422 1892 in
453 1852 639 1893 hibernis
672 1851 828 1892 habent
859 1855 904 1892 in
935 1853 1049 1892 villis
1081 1852 1295 1904 mulieres,
1334 1854 1424 1904 qui·

71 1910 167 1950 dam
210 1913 335 1951 etiam
377 1914 423 1951 in
467 1914 652 1964 aestivis,
704 1914 744 1951 et
786 1911 830 1951 id
873 1913 1081 1964 pertinere
1124 1913 1293 1963 putant,
1340 1924 1422 1964 quo

72 1970 235 2010 facilius
288 1970 339 2010 ad
387 1985 535 2024 greges
586 1973 775 2024 pastores
815 1973 1053 2022 retineant,
1111 1972 1151 2009 et
1199 1972 1422 2023 puerperio

72 2029 275 2069 familiam
320 2030 480 2070 faciunt
523 2033 724 2070 maiorem
763 2032 803 2069 et
840 2044 927 2070 rem
968 2031 1207 2082 pecuariam
1238 2029 1423 2069 fructuo-

187 2151 203 2177 1
230 2146 292 2178 aut
318 2147 441 2179 contra
460 2146 662 2179 Iucmzdus.
701 2147 741 2178 ut
761 2145 977 2178 contrariam
998 2146 1050 2187 (111
1070 2144 1290 2177 contrarium
1304 2144 1397 2187 Pol.)
1411 2142 1423 2189 (Ἰ

71 2197 89 2223 4
115 2192 181 2226 del.
211 2193 296 2226 Keil
314 2193 324 2236 ΙΙ
344 2199 361 2225 5
389 2192 473 2227 add.
501 2193 693 2227 Iucundus
724 2194 735 2236 ΙΙ
766 2200 783 2225 8
809 2193 931 2226 laedat
971 2192 1135 2226 Ursinus.
1187 2192 1291 2224 cedat
1310 2193 1320 2234 ΙΙ
1340 2198 1376 2223 10
1403 2201 1421 2223 e

71 2239 189 2282 capite
216 2240 250 2282 (a
276 2239 393 2282 capite
427 2240 459 2274 V
463 2242 473 2284 )
494 2241 559 2283 1115
587 2241 687 2284 quot]
722 2240 822 2283 quod
844 2241 847 2282 ζ
871 2240 955 2273 add.
991 2239 1146 2273 Ursinus
1170 2240 1181 2282 ΙΙ
1207 2245 1242 2271 18
1268 2239 1423 2281 possunt

71 2286 225 2328 (possint
251 2287 297 2329 V)
329 2288 340 2330 11
371 2293 407 2319 19
429 2289 518 2329 quot
543 2298 563 2320 v
589 2292 621 2321 et
645 2288 721 2322 cod.
749 2287 865 2321 Laur.
906 2286 1005 2329 quod
1039 2288 1043 2330 1
1079 2288 1169 2328 quot
1192 2285 1363 2318 reiiculae
1389 2296 1420 2318 v.

71 2333 171 2374 quod
197 2333 324 2376 epulae
344 2335 355 2377 Η
375 2340 412 2367 25
439 2335 504 2368 del.
531 2336 639 2378 111128
665 2334 811 2368 retineri
838 2333 1040 2368 Iracundus.
1089 2333 1243 2366 retinere
1263 2334 1274 2375 Η
