1560 2506
375 72 542 108 RERVM
565 71 871 107 RVSTICARVM
895 71 979 105 LIB.
999 71 1032 104 Π
1058 75 1077 105 9
1315 71 1403 113 105

48 172 98 210 ut
135 171 272 211 solent
309 169 399 211 bini
437 172 537 224 agni
575 171 682 222 ovis,
726 169 915 222 plerique
953 170 1001 208 ut
1038 168 1234 208 accedant
1267 183 1399 221 canes,

50 232 123 283 qui
155 231 409 270 consuerunt
441 243 529 269 esse
560 242 655 268 una.

169 286 340 329 Cibatus
374 290 487 328 canis
519 285 752 341 pr0p[r]ior
783 285 967 327 hominis
1001 300 1127 339 quam
1159 288 1260 326 ovis.
1307 287 1446 339 pas-8

50 349 158 387 citur
197 350 308 388 enim
345 347 494 387 eduliis
534 349 574 387 et
612 346 795 398 ossibus,
839 360 927 386 non
958 345 1097 386 herbis
1137 347 1210 384 aut
1241 345 1399 385 fronde.

14 423 29 448 5
50 406 274 460 diligenter
303 408 351 446 ut
383 405 535 446 habeat
566 405 722 446 cibaria
752 404 1068 458 providendum.
1131 404 1259 444 fames
1291 407 1402 444 enim

49 465 126 506 hos
165 465 217 505 ad
254 465 537 519 quaerendum
575 464 715 505 cibum
752 464 890 517 ducet,
936 467 971 504 si
1004 478 1092 504 non
1123 463 1400 516 praebebitur,

49 526 90 565 et
122 539 146 565 a
169 522 372 578 peco<re>
399 524 591 564 abducet:
622 526 706 564 nisi
733 526 778 576 si,
811 525 859 563 ut
884 523 1055 577 quidam
1079 525 1243 576 putant,
1276 523 1442 564 etiam9

48 585 150 624 illuc
192 586 474 637 pervenerint,
524 583 793 636 proverbium
830 585 878 622 ut
915 583 1070 623 tollant
1107 584 1293 622 anticum
1335 582 1402 621 vel

49 645 175 683 etiam
210 644 259 682 ut
295 646 446 696 μῦθον
483 644 673 696 aperiant
711 641 759 682 de
791 640 1002 682 Actaeone
1040 643 1165 694 atque
1196 644 1241 681 'm
1273 640 1402 681 domi-

0 718 28 744 ιο
47 716 151 742 num
189 701 378 742 adferant
419 702 574 742 dentes,
635 715 711 741 nec
741 715 829 741 non
860 703 921 741 ita
951 715 1102 754 panem
1133 700 1402 741 hordeacium
1419 699 1478 742 10

47 761 247 814 dandum,
297 763 345 801 ut
387 775 475 802 non
516 763 658 814 potius
705 774 800 800 eum
842 762 888 800 in
930 761 1037 800 lacte
1081 759 1150 799 des
1195 761 1400 812 intritum,

47 820 160 874 quod
198 834 245 861 eo
284 822 474 861 consueti
507 820 598 861 cibo
632 821 695 859 uti
727 834 751 859 a
782 833 930 873 pecore
961 834 1048 859 non
1081 821 1163 859 cito
1197 818 1401 871 des<cis>-

47 881 158 920 cunt.
219 882 465 920 morticinae
507 882 595 920 ovis
636 893 724 919 non
764 881 986 932 patiuntur
1023 880 1134 918 vesci
1167 892 1305 930 carne,
1348 892 1401 918 ne

47 938 162 979 ducti
200 953 347 992 sapore
384 941 524 979 minus
565 953 606 979 se
645 937 895 978 abstineant.
958 938 1059 977 dant
1097 939 1222 977 etiam
1253 940 1318 977 ius
1353 951 1401 977 ex

0 1014 27 1040 ιε)
48 997 213 1039 ossibus
258 1000 299 1038 et
342 1012 389 1038 ea
431 1000 524 1051 ipsa
568 1012 663 1038 ossa
707 999 894 1038 contusa.
965 997 1107 1037 dentes
1153 999 1265 1036 enim
1302 996 1403 1036 facit

46 1057 251 1098 firmiores
290 1059 331 1097 et
368 1071 414 1098 os
452 1059 587 1110 magis
626 1058 837 1110 patulum,
881 1058 1104 1109 propterea
1141 1055 1252 1109 quod
1284 1056 1403 1096 vehe-

46 1118 228 1157 mentius
274 1116 530 1157 diducuntur
572 1117 723 1168 malae,
774 1118 1037 1169 acrioresque
1080 1115 1190 1155 fiunt
1229 1117 1403 1168 propter

45 1175 325 1216 medullarum
370 1190 572 1229 saporem.
644 1175 783 1215 cibum
829 1189 973 1228 capere
1018 1177 1298 1214 consuescunt
1342 1177 1403 1214 in-

46 1234 195 1288 terdiu,
227 1234 300 1275 ubi
331 1237 575 1288 pascuntur,
608 1237 782 1287 vesperi,
813 1234 887 1274 ubi
915 1234 1194 1274 stabulantur.
1244 1233 1430 1274 feturael
1455 1233 1475 1274 1

0 1310 27 1334 ιο
46 1296 303 1348 principium
361 1293 608 1334 admittendi
659 1294 820 1334 faciunt
869 1296 976 1333 veris
1028 1295 1254 1346 principio:
1311 1295 1402 1333 tum

47 1356 158 1394 enim
202 1352 399 1393 dicuntur
437 1354 628 1406 catulire,
672 1353 715 1393 id
754 1355 816 1393 est
858 1352 1075 1393 ostendere
1106 1353 1211 1392 velle
1246 1366 1287 1392 se
1319 1366 1403 1392 ma-

46 1414 176 1453 ritari.
238 1426 343 1466 quae
378 1414 469 1453 tum
501 1412 716 1465 admissae,
754 1414 927 1466 pariunt
959 1414 1122 1452 circiter
1155 1412 1402 1452 solstitium:

45 1473 293 1525 praegnates
333 1474 445 1512 enim
483 1473 620 1512 solent
658 1486 745 1512 esse
778 1474 919 1512 ternos
952 1486 1126 1511 menses.
1188 1473 1234 1510 in
1265 1471 1403 1510 fetura

46 1530 230 1571 dandum
259 1533 402 1584 potius
434 1530 677 1571 hordeacios
711 1544 837 1584 quam
868 1533 1047 1571 triticios
1080 1544 1227 1584 panes:
1266 1532 1401 1583 magis

0 1606 25 1631 35
47 1593 158 1630 enim
190 1604 236 1630 eo
270 1590 442 1630 aluntur
474 1592 514 1630 et
545 1591 664 1630 lactis
694 1589 896 1644 praebent
920 1592 1121 1630 maiorem
1147 1589 1401 1630 facultatem.

46 1651 92 1690 in
121 1651 336 1689 nutricatu
369 1649 598 1690 secundum
628 1652 813 1702 partum,
860 1652 894 1689 si
926 1650 1068 1702 plures
1103 1651 1218 1701 sunt,
1259 1647 1479 1688 statim12

47 1709 199 1762 eligere
249 1710 416 1761 oportet
465 1722 569 1762 quos
620 1708 771 1749 habere
821 1709 942 1761 velis,
993 1709 1177 1761 reliquos
1229 1707 1403 1751 abicere.

46 1781 172 1821 quam
220 1770 496 1820 paucissimos
547 1769 783 1821 reliqueris,
834 1770 922 1807 tam
969 1770 1120 1821 optimi
1164 1769 1209 1807 in
1253 1767 1402 1807 alendo

46 1826 156 1867 fiunt
186 1829 360 1880 propter
392 1829 556 1881 copiam
588 1827 721 1867 lactis,
794 1826 1077 1867 substernitur
1109 1829 1166 1866 eis
1201 1840 1296 1866 acus
1331 1827 1403 1866 aut

0 1902 25 1927 ιο
47 1885 148 1939 quid
191 1887 292 1926 item
336 1887 459 1939 aliut,
510 1886 623 1939 quod
672 1886 865 1930 molliore
914 1885 1042 1926 cubili
1092 1885 1256 1925 facilius
1308 1885 1402 1925 edu-

48 1947 205 1986 centur.
280 1946 408 1985 catuli
459 1945 604 1985 diebus
650 1956 713 1986 XX
756 1945 895 1986 videre
939 1946 1163 1998 incipiunt.
1239 1944 1401 1985 duobus

166 2079 181 2105 1
196 2072 274 2106 ovis
289 2084 318 2107 υ.
346 2083 433 2106 oues
453 2074 464 2117 Η
483 2079 502 2106 3
515 2072 684 2116 proprior
699 2073 861 2117 (propior
882 2073 929 2117 V)
950 2075 961 2114 Η
980 2079 998 2106 4
1014 2072 1146 2106 eduliis
1162 2071 1258 2106 Keil.
1280 2071 1402 2105 ecuria

50 2120 82 2163 (e
109 2119 230 2153 culina
248 2121 281 2164 v)
302 2121 312 2164 ΙΙ
334 2126 348 2152 ‘a'
376 2130 398 2154 a
419 2130 548 2163 pecore
568 2132 588 2154 v
609 2124 640 2154 et
667 2121 753 2155 libri
771 2121 991 2155 recentiores.
1031 2120 1076 2153 ab
1096 2130 1186 2163 peco
1206 2120 1217 2162 Η
1237 2125 1254 2152 8
1274 2119 1404 2152 tollant

53 2167 187 2202 Gesner
212 2172 356 2201 auctore
389 2167 531 2202 Ursino.
581 2167 714 2201 tollunt
739 2169 749 2211 ΙΙ
777 2174 796 2200 9
822 2168 943 2210 adque
971 2169 982 2211 ΙΙ
1013 2174 1049 2200 12
1082 2167 1166 2201 add.
1189 2167 1366 2211 Angelius
1391 2166 1402 2209 Η

48 2220 85 2247 14
111 2213 167 2247 ius
195 2213 254 2257 (iis
275 2214 367 2256 Pol„
393 2214 450 2247 ius
476 2216 615 2259 apocr.)
635 2216 646 2258 ΙΙ
666 2221 703 2248 22
731 2226 824 2258 quae
850 2216 937 2248 tunc
970 2215 1134 2249 Ursinus.
1174 2224 1268 2256 quae
1295 2212 1398 2257 cum}

50 2260 247 2294 solstitium
271 2261 403 2296 Reiter.
454 2262 607 2295 solstitio
628 2264 638 2306 ΙΙ
658 2269 697 2295 30
723 2262 825 2306 quid]
854 2262 935 2305 quit
957 2263 962 2307 1
984 2261 1149 2295 molliore
1177 2260 1339 2305 (meliore
1373 2260 1407 2294 V

49 2312 81 2343 et
107 2308 181 2343 eod.
210 2308 326 2352 Flor.,
351 2308 517 2343 molliore
541 2310 674 2353 reliqui
699 2314 731 2344 et
763 2310 865 2353 Vict.)
887 2311 898 2353 ΙΙ
