1560 2506
371 122 538 157 RERVM
561 121 867 157 RVSTICARVM
891 122 975 155 ΗΒ.
996 122 1028 155 11
1054 125 1144 156 2-3
1374 123 1426 163 81

75 234 126 260 ne
168 220 269 273 quid
309 219 470 259 laboret
511 218 751 259 curandum.
820 233 915 259 cum
947 218 1159 259 oblivione
1190 221 1274 259 iam
1307 221 1426 260 lactis
1445 221 1500 262 18

74 288 162 320 n'on
200 279 405 319 desiderat
441 280 633 330 matrem,
678 280 769 317 tum
806 277 984 330 denique
1017 278 1353 331 compellendum
1384 282 1427 320 in

74 352 246 392 gregem
273 340 425 378 ovium.
476 339 655 377 castrare
682 338 848 389 oportet
874 351 1031 390 agnum
1055 351 1143 377 non
1167 337 1428 390 minore<m>
1494 371 1496 373 .

74 400 259 450 quinque
299 410 506 448 mensum,
550 410 685 448 neque
718 397 942 449 antequam
975 396 1131 436 calores
1165 399 1237 435 aut
1269 397 1429 450 frigora

39 470 117 497 5se
160 456 387 509 fregerunt.
459 469 563 509 quos
603 456 750 494 arietes
791 457 1050 495 summittere
1088 456 1254 507 volunt,
1298 458 1428 509 potis-

73 518 226 555 simum
264 515 429 568 eligunt
469 529 518 554 ex
555 514 777 566 matribus,
823 528 928 567 quae
965 516 1155 567 geminos
1188 529 1332 567 parere
1365 530 1429 556 so-

71 575 172 614 lent.
232 574 431 626 pleraque
475 574 670 614 similiter
709 573 946 613 faciendum
983 576 1028 613 in
1067 573 1214 613 ovibus
1256 575 1428 627 pellitis,

71 647 177 686 quae
218 635 393 686 propter
429 633 550 673 lanae
586 632 835 685 bonitatem,
880 635 928 672 ut
966 635 1065 672 sunt
1095 632 1346 674 Tarentinae
1389 636 1430 674 et

71 690 254 744 Atticae,
298 691 480 745 pellibus
512 694 779 745 integuntur,
823 706 875 732 ne
907 693 1005 731 lana
1035 694 1296 745 inquinetur,
1343 707 1426 746 quo

19 767 53 792 ιο
71 753 211 791 minus
249 752 317 791 vel
346 751 462 791 infici
493 754 603 792 recte
634 754 770 804 possit
801 752 868 791 vel
899 752 1031 791 lavari
1063 765 1109 791 ac
1141 754 1294 804 putari.
1357 753 1426 792 ha·
1445 752 1501 793 19

70 825 165 850 rum
207 813 425 864 praesepia
468 825 515 851 ac
559 810 726 851 stabula
769 812 816 850 ut
861 813 946 850 sint
982 825 1088 863 pura
1125 813 1326 851 maiorem
1359 811 1428 852 ad-

69 868 280 923 hibe[a]nt
317 870 597 923 diligentiam,
643 884 769 922 quam
806 869 941 909 hirtis.
1002 872 1145 923 itaque
1177 870 1339 910 faciunt
1370 872 1427 911 la-

69 929 166 982 pide
217 931 363 981 strata,
415 928 500 982 [et]
552 932 674 969 urina
716 929 867 969 necubi
910 932 955 969 in
1000 929 1166 969 stabulo
1212 932 1427 971 consistat.

68 988 135 1029 his
179 1002 464 1041 quaecumque
507 988 701 1028 lubenter
737 991 979 1040 vescuntur,
1025 991 1072 1028 ut
1111 989 1213 1028 folia
1247 989 1428 1030 ficulnea

19 1063 50 1088 15
70 1050 112 1089 et
136 1049 268 1101 palea,
299 1050 481 1100 vinacea,
512 1047 708 1100 furfures,
734 1047 977 1088 obiciuntur
1001 1047 1173 1100 modice,
1198 1063 1250 1088 ne
1276 1063 1427 1101 parum

69 1109 142 1147 aut
181 1109 362 1147 nimium
405 1109 657 1147 saturentur.
736 1110 960 1160 utrumque
1011 1110 1122 1147 enim
1173 1107 1223 1146 ad
1273 1122 1424 1161 corpus

69 1166 266 1207 alendum
313 1169 548 1218 inimicum,
599 1168 646 1206 ut
694 1169 874 1206 maxime
924 1169 1104 1206 amicum
1153 1169 1334 1220 cytisum
1385 1170 1426 1207 et

68 1225 238 1266 medica.
298 1240 397 1266 nam
434 1228 475 1266 et
511 1229 690 1279 pingues
722 1226 823 1266 facit
854 1226 1053 1265 facillime
1086 1228 1125 1265 et
1157 1229 1275 1279 genit
1306 1227 1424 1267 lacte.

185 1283 305 1337 (De)
336 1287 514 1325 sanitate
547 1287 646 1325 sunt
670 1286 821 1338 multa,
854 1285 925 1325 sed
951 1299 1008 1337 ea,
1041 1287 1088 1325 ut
1114 1285 1211 1337 dixi,
1243 1288 1288 1325 in
1314 1286 1422 1327 libro
1438 1287 1495 1328 20

15 1359 49 1383 20
69 1346 227 1397 scripta
268 1347 470 1397 magister
512 1347 672 1397 pecoris
712 1344 854 1396 habet,
899 1347 939 1384 et
978 1358 1083 1397 quae
1121 1359 1226 1398 opus
1260 1345 1311 1384 ad
1343 1360 1425 1386 me-

69 1403 268 1455 dendum,
312 1406 454 1456 portat
487 1418 637 1444 secum.
698 1404 954 1456 relinquitur
986 1404 1034 1444 de
1066 1418 1258 1456 numero,
1301 1419 1424 1457 quem

67 1462 229 1502 faciunt
261 1463 333 1502 alii
364 1465 581 1515 maiorem,
626 1463 699 1502 alii
735 1466 952 1503 minorem.
1013 1464 1122 1503 nulli
1155 1466 1265 1503 enim
1298 1464 1422 1504 huius

68 1521 229 1562 moduli
265 1523 492 1563 naturales.
552 1523 652 1562 illut
689 1522 773 1562 fere
812 1536 956 1562 omnes
993 1525 1039 1562 in
1071 1522 1202 1576 Epiro
1234 1523 1422 1576 facimus,

66 1595 120 1621 ne
157 1584 296 1621 minus
334 1581 561 1622 habeamus
599 1584 645 1621 in
682 1584 876 1622 centenas
922 1596 1018 1622 oves
1058 1582 1189 1622 hirtas
1230 1584 1420 1636 singulos

14 1654 48 1680 25
66 1640 271 1692 homines,
302 1643 346 1681 in
378 1642 547 1694 pellitas
580 1640 763 1694 [caprae]
795 1641 930 1681 binos.

154 1697 266 1755 vCui
304 1697 540 1752 Cossinius,
586 1699 796 1748 Quoniam
837 1703 938 1740 satis
979 1700 1149 1753 balasti,
1194 1703 1350 1753 inquit,
1397 1711 1483 1743 οΠΙ

66 1757 268 1798 Faustule
297 1762 453 1812 noster,
485 1762 624 1812 accipe
657 1774 680 1799 a
710 1774 775 1799 me
808 1774 903 1799 curn
934 1759 1159 1800 Homerico
1186 1759 1419 1801 Melanthio

66 1818 191 1858 cordo
225 1818 274 1858 de
305 1819 488 1872 capellis,
522 1821 561 1859 et
587 1832 712 1872 quem
738 1818 789 1859 ad
813 1819 985 1859 modum
1011 1818 1213 1872 [oportet]
1240 1820 1421 1860 breviter

67 1879 260 1930 oporteat
310 1877 459 1931 dicere,
511 1878 632 1918 disce.
713 1880 785 1931 qui
835 1881 1054 1931 caprinum
1103 1893 1275 1932 gregem
1325 1893 1420 1919 con-

13 1951 48 1975 30
68 1938 240 1976 stituere
271 1937 375 1989 vult,
406 1940 452 1977 in
483 1937 676 1991 eligendo
709 1938 1013 1977 animadvertat
1044 1940 1211 1990 oportet
1236 1941 1419 1991 primum

66 1997 260 2047 aetatem,
292 1998 340 2035 ut
371 2010 461 2036 eam
491 1999 627 2050 paret,
666 2010 770 2049 quae
801 1998 886 2036 iam
917 1997 1023 2037 ferre
1054 2000 1191 2050 possit
1223 1998 1418 2050 fructum,

184 2082 200 2108 1
234 2075 374 2109 laboret
410 2076 589 2120 (laborent
627 2077 667 2118 V,
704 2076 845 2110 laboret
882 2077 956 2111 cod.
985 2077 1100 2121 Flor.)
1132 2078 1143 2121 ΙΙ
1174 2083 1192 2109 3
1230 2077 1314 2111 add.
1342 2077 1416 2112 cod.

67 2122 155 2157 Par.
177 2124 187 2167 ΙΙ
216 2129 233 2156 5
259 2123 446 2167 fregerunt
478 2124 669 2158 Victorius.
720 2126 914 2168 eregerunt
938 2126 949 2167 ll
976 2131 1014 2157 10
1040 2136 1092 2167 sq.
1119 2125 1250 2158 harum
1275 2125 1327 2158 ecl.
1350 2125 1417 2158 Bi-

60 2174 163 2214 pont.
202 2171 333 2204 horum
352 2172 363 2215 ΙΙ
382 2177 418 2203 12
444 2172 509 2206 (lez.
537 2171 730 2206 Schneider
748 2173 759 2216 ΙΙ
779 2178 815 2204 13
841 2172 907 2206 del.
933 2172 1018 2206 Keil
1036 2173 1047 2215 ΙΙ
1066 2179 1102 2204 14
1126 2172 1294 2205 lubenter
1319 2173 1416 2206 Keil.

67 2217 239 2251 iubentur
270 2220 274 2260 Ι
306 2218 460 2252 ficulnea
483 2230 556 2253 mv.
607 2219 768 2263 figulena
786 2220 796 2262 ΙΙ
816 2225 852 2251 18
879 2230 932 2262 sq.
957 2219 1014 2253 lac
1039 2219 1092 2253 De
1119 2220 1272 2253 sanitate
1299 2231 1360 2253 mv
1386 2224 1418 2254 et

66 2274 156 2299 corr.
171 2265 244 2300 cod,
258 2266 346 2300 Par.
358 2265 450 2299 lacte
465 2266 623 2300 Sanitate
643 2270 654 2309 ΙΙ
674 2272 711 2299 24
724 2266 837 2299 hirtas
851 2277 881 2300 v.
902 2267 1020 2300 hircas
1040 2268 1051 2311 fl
1071 2273 1107 2300 25
1122 2278 1188 2300 om.
1206 2267 1417 2310 Iucundusl}

66 2317 104 2344 27
137 2323 219 2345 cum
248 2313 328 2356 (con
356 2314 570 2357 apoyrapha
601 2315 807 2357 wommlla),
832 2315 896 2348 ubi
926 2326 1022 2347 nunc
1048 2314 1146 2356 Keil,
1171 2324 1243 2347 non
1264 2314 1417 2348 Schoell:

66 2369 117 2393 an
143 2359 278 2394 lamma
301 2363 376 2394 est?
395 2361 406 2404 ΙΙ
426 2367 464 2393 28
489 2371 555 2395 om.
584 2361 775 2395 Iuezmdus
793 2363 804 2405 Η

141 2424 253 2449 VARRO
273 2431 341 2449 mm.
362 2431 449 2450 nvsr.
469 2432 519 2450 En.
540 2433 573 2450 η.
1183 2422 1201 2452 6
