1560 2407
565 490 926 537 PRAEFATIO

192 597 399 636 Editionis
443 598 629 646 minoris,
675 610 753 648 qua
802 598 843 635 H
857 610 879 636 e
893 610 919 635 n
934 598 979 635 ri
995 610 1015 635 c
1030 611 1055 635 u
1070 610 1087 636 s
1137 598 1176 636 K
1192 611 1213 636 e
1227 599 1268 636 il
1319 611 1424 636 anno

73 656 484 696 MDCCCLXXXIX
509 657 705 695 Varronis
737 669 874 695 rerum
905 657 1150 695 rusticarum
1181 658 1309 696 libros
1334 670 1426 707 per-

73 719 336 767 purgaverat,
363 717 612 766 exemplaria
635 728 726 754 cum
746 716 960 755 divendita
979 720 1118 755 essent
1137 719 1181 754 et
1198 717 1427 767 bibliopola

73 776 387 814 honestissimus
420 788 559 814 curam
589 775 803 814 iterandae
835 776 1086 813 recensionis
1120 788 1142 813 a
1173 788 1238 814 me
1273 777 1425 826 suscipi

71 835 288 883 voluisset,
325 847 458 886 neque
491 835 568 872 viri
600 835 832 885 gravissimi
864 847 1039 885 quocum
1072 838 1115 872 et
1147 835 1351 873 amicitiae
1382 839 1426 873 et

72 895 243 944 pietatis
275 895 438 932 vinculo
467 895 709 932 coniunctus
740 894 800 931 fui
825 895 1047 932 memoriae
1074 906 1207 944 neque
1234 894 1424 932 officinae

70 953 371 992 illustrissimae
403 957 672 1003 patronorum
705 954 911 991 voluntati
941 965 1075 991 meam
1108 965 1275 1003 operam
1303 953 1424 992 dene-

71 1012 250 1062 gandam
276 1025 365 1051 esse
391 1015 505 1051 ratus
532 1012 725 1063 quicquid
757 1012 842 1050 vidi
869 1013 918 1050 ab
946 1013 1034 1051 aliis
1061 1013 1230 1050 allatum
1257 1025 1346 1051 esse
1372 1012 1424 1050 ad

72 1071 350 1110 emendandos
376 1072 451 1110 hos
476 1072 604 1110 libros
632 1072 838 1122 colligere,
870 1072 998 1110 verba
1022 1073 1236 1122 scriptoris
1261 1073 1425 1110 intenta

72 1143 169 1169 cura
195 1131 439 1179 examinare,
466 1134 710 1182 apparatum
731 1131 918 1169 criticum
938 1134 1164 1169 retractare
1186 1132 1315 1181 coepi.
1360 1131 1422 1169 De

71 1190 262 1228 subsidiis
290 1191 443 1228 criticis
470 1191 616 1241 quibus
636 1191 795 1228 Keilius
815 1203 911 1228 usus
933 1194 997 1228 est
1017 1194 1060 1229 et
1083 1190 1133 1228 de
1156 1191 1317 1228 ratione
1345 1203 1424 1240 qua

69 1249 287 1299 pristinam
321 1251 566 1300 scripturam
593 1249 746 1288 codicis
778 1250 993 1300 archetypi
1031 1250 1265 1300 recuperari
1300 1262 1422 1300 posse

71 1309 231 1347 censuit
263 1321 354 1347 cum
386 1321 506 1347 nemo
533 1313 631 1359 post
656 1309 768 1346 illum
796 1308 1051 1347 dubitaverit
1076 1322 1209 1359 neque
1234 1310 1324 1359 ipse
1351 1322 1422 1347 cur

71 1367 303 1406 dubitarem
334 1368 547 1416 haberem,
586 1368 740 1406 diserte
778 1369 1082 1418 praemonitum
1114 1369 1244 1416 volui,
1282 1380 1347 1406 me
1378 1369 1421 1406 in

71 1427 129 1465 eis
155 1428 408 1478 acquievisse
442 1440 545 1478 quae
576 1428 645 1465 ille
673 1427 864 1477 diligenti
891 1440 1019 1477 opera
1050 1431 1093 1465 et
1124 1428 1294 1465 consilio
1327 1440 1422 1478 pru-

70 1485 186 1524 denti
206 1487 449 1537 composuit,
475 1487 554 1525 nisi
586 1486 695 1537 quod
715 1487 959 1536 bipertitum
980 1499 1101 1536 quem
1122 1487 1311 1524 voluerat
1331 1499 1420 1525 esse

70 1549 314 1596 apparatum
345 1547 386 1584 in
420 1546 595 1584 formam
630 1547 761 1596 magis
796 1546 1024 1596 simplicem
1057 1558 1252 1584 revocare
1284 1546 1420 1583 malui.

67 1604 285 1654 Nonnulla,
312 1617 415 1655 quae
441 1606 574 1644 minus
600 1609 713 1643 recte
733 1606 774 1643 in
795 1609 997 1655 apparatu
1018 1605 1202 1643 exhibita
1223 1608 1352 1652 erant,
1378 1606 1420 1642 in

69 1665 364 1703 commentario
410 1665 568 1715 aliquot
603 1666 717 1702 annis
756 1668 852 1714 post
891 1664 1003 1702 edito
1043 1664 1196 1702 dudum
1235 1668 1422 1702 correcta

67 1724 180 1761 sunt:
203 1723 276 1761 has
298 1723 575 1762 correctiOnes
594 1731 636 1762 et
656 1724 754 1762 alias
775 1723 971 1774 quasdam
993 1736 1041 1762 ex
1061 1724 1215 1762 maiore
1237 1723 1420 1762 editione

67 1782 222 1832 petitas
240 1783 283 1820 in
304 1787 547 1833 apparatum
567 1783 760 1821 transtuli
780 1795 855 1821 nec
876 1784 1093 1833 quicquam
1112 1786 1329 1833 praeterea
1352 1782 1420 1820 ad-

67 1842 221 1880 notavi.
259 1842 489 1893 Archetypi
515 1843 739 1892 scripturas
765 1843 1005 1892 plerumque
1031 1843 1245 1880 sanissimo
1266 1841 1418 1880 iudicio

20 1912 22 1914 ’
66 1900 148 1938 iam
165 1901 325 1939 Keilius
345 1901 659 1952 redintegravit,
681 1914 802 1952 quem
821 1902 882 1939 ita
901 1906 1066 1940 secutus
1086 1914 1188 1949 sum,
1214 1905 1261 1939 ut
1280 1901 1420 1951 potius

66 1961 355 2009 perspicuitati
381 1973 502 2011 quam
527 1961 725 1999 brevitati
751 1961 1018 1999 consulerem.
1055 1961 1103 1998 In
1128 1961 1251 1999 rebus
1279 1960 1418 1998 ortho-

67 2019 275 2069 graphicis
302 2020 517 2071 archetypi
543 2021 790 2070 scripturam
810 2020 932 2067 edidi,
958 2021 999 2058 in
1021 2032 1101 2070 qua
1119 2033 1164 2058 re
1183 2021 1419 2058 inconstan-

66 2077 150 2116 tiae
183 2079 335 2117 crimen
367 2080 533 2118 minime
564 2079 807 2129 fugiendum
839 2091 928 2117 esse
965 2080 1207 2117 existimavi.
1256 2078 1419 2116 Admisi

67 2133 196 2187 igitur
219 2140 392 2182 maioris,
420 2141 591 2183 minoris,
608 2140 904 2186 praefflzaz‘z‘om's
931 2143 974 2176 et
999 2139 1157 2186 similia,
1190 2150 1322 2188 neque
1349 2137 1418 2175 ad-

67 2196 356 2235 similationem
383 2210 503 2248 quam
530 2198 672 2236 dicunt
698 2198 863 2236 restitui
881 2198 960 2236 nisi
980 2198 1051 2236 ubi
1070 2199 1112 2235 in
1132 2198 1247 2235 libris
1266 2197 1417 2235 inveni.

66 2275 124 2280 —
143 2255 398 2294 Testimonia
423 2258 574 2296 iterum
595 2257 865 2295 adscribenda
885 2269 934 2295 ex
955 2257 1138 2296 editione
1158 2257 1313 2295 maiore
1333 2268 1416 2293 non

1157 2322 1201 2356 a*
