1555 2527
109 86 163 128 lO
663 88 903 123 VARRONIS

99 187 283 240 inquam,
315 201 417 227 num
449 186 574 227 feriae
604 189 855 228 sementivae
888 190 1045 228 otiosos
1073 187 1154 229 huc
1181 188 1453 242 adduxerunt,

57 245 146 286 2ut
176 248 315 299 patres
349 248 388 286 et
421 260 519 287 avos
553 245 744 287 solebant
773 247 971 288 nostros?
1027 245 1116 287 Nos
1156 262 1271 301 vero,
1314 250 1454 302 inquit

98 302 275 359 Agrius,
308 307 355 345 ut
384 305 580 358 arbitror,
614 306 755 346 eadem
788 305 871 359 [de]
905 321 1029 346 causa
1061 321 1165 360 quae
1197 309 1254 361 te,
1287 310 1452 362 rogatio

98 364 308 405 aeditumi.
369 367 510 418 itaque
544 368 577 405 si
609 367 669 405 ita
704 368 782 418 est,
815 368 863 405 ut
895 368 1062 419 annuis,
1095 381 1254 408 morere
1287 369 1453 421 oportet

96 423 333 476 nobiscum,
385 424 483 464 dum
532 425 603 465 ille
653 427 894 466 revertatur.
974 439 1072 465 nam
1127 429 1349 467 accersitus
1401 426 1451 467 ab
1490 441 1505 467 5

97 483 245 536 aedile,
290 486 407 524 cuius
440 487 679 538 procuratio
712 484 837 524 huius
870 485 1018 538 templi
1050 488 1128 538 est,
1171 486 1361 528 nondum
1392 501 1453 527 re-

98 543 174 583 diit
218 545 258 583 et
300 557 378 583 nos
423 545 486 584 uti
530 546 839 597 expectaremus
880 558 921 584 se
959 545 1131 598 reliquit
1168 548 1241 599 qui
1273 547 1451 600 rogaret.

96 602 234 643 Voltis
273 605 405 656 igitur
443 605 602 643 interea
633 605 751 643 vetus
784 603 1070 657 proverbium,
1116 604 1228 658 quod
1260 607 1323 645 est
1355 604 1452 646 ‘Ro-

95 676 243 703 manus
290 662 467 703 sedendo
512 662 670 716 vincit',
721 677 988 716 usurpemus,
1039 663 1138 704 dum
1186 664 1258 705 ille
1307 665 1450 705 venit?

97 720 221 775 Sane,
262 724 401 776 inquit
433 720 610 776 Agrius,
650 724 689 762 et
733 723 858 763 simul
890 725 1080 776 cogitans
1113 725 1279 776 portam
1309 726 1451 765 itineri
1472 740 1505 766 ιο

96 781 176 821 (1161
220 782 513 836 longissimam
558 796 645 822 esse
690 781 740 822 ad
779 781 979 822 subsellia
1017 782 1286 836 sequentibus
1327 783 1450 824 nobis

94 841 293 894 procedit.

53 900 78 940 3
213 899 319 942 Cum
364 900 711 954 consedissemus,
756 899 979 955 Agrasius,
1023 900 1129 954 Vos,
1180 904 1253 955 qui
1295 903 1450 943 multas

93 961 415 1013 perambulastis
454 962 603 1013 terras,
646 975 819 1014 ecquam
851 961 1070 1001 cultiorem
1101 960 1226 1001 Italia
1256 961 1451 1002 vidistis?

92 1022 243 1074 inquit.
305 1019 398 1074 Ego
432 1034 547 1073 vero,
592 1019 767 1074 Agrius,
812 1020 975 1061 nullam
1013 1020 1194 1062 arbitror
1226 1035 1313 1061 esse
1345 1035 1451 1075 quae
1471 1037 1504 1064 15

92 1082 179 1119 tam
217 1081 307 1120 tota
345 1082 400 1120 sit
438 1081 561 1120 culta.
623 1082 808 1134 primum
846 1094 940 1120 cum
979 1079 1092 1120 orbis
1125 1082 1259 1121 terrae
1291 1080 1449 1121 divisus

93 1141 148 1179 sit
184 1141 230 1179 in
268 1139 368 1180 duas
407 1141 546 1194 partes
587 1139 636 1179 ab
669 1138 948 1180 Eratosthene
988 1153 1181 1180 maxume
1223 1139 1451 1181 secundum
1514 1157 1517 1159 >

51 1198 303 1252 4naturam,
350 1199 400 1239 ad
438 1199 653 1240 meridiem
691 1213 834 1239 versus
875 1201 915 1239 et
947 1198 998 1239 ad
1031 1201 1366 1253 septemtriones,
1411 1201 1451 1240 et

93 1261 182 1299 sine
221 1258 348 1299 dubio
391 1261 591 1312 quoniam
631 1258 838 1299 salubrior
870 1273 966 1312 pars
1002 1260 1355 1312 septemtrionalis
1389 1261 1451 1299 est

92 1333 218 1372 quam
258 1318 505 1370 meridiana,
551 1320 591 1358 et
630 1333 735 1372 quae
775 1318 1009 1359 salubriora
1045 1319 1120 1358 illa
1157 1318 1449 1372 fructuosiora,
1470 1335 1504 1360 20

91 1377 312 1418 dicendum
338 1380 484 1432 utique
510 1377 677 1418 Italiam
702 1380 837 1432 magis
868 1378 915 1418 es
898 1377 1051 1429 t1>am
1082 1377 1212 1418 fuisse
1245 1377 1451 1432 op<p>or-

90 1440 237 1478 tunam
269 1437 320 1478 ad
346 1437 567 1479 colendum
593 1452 718 1492 quam
738 1436 895 1490 Asiam,
921 1439 1105 1491 primum
1131 1437 1244 1491 quod
1269 1439 1332 1478 est
1350 1436 1451 1491 (in)

90 1496 272 1551 Europa,
312 1497 492 1538 secundo
527 1497 639 1550 quod
669 1497 770 1537 haee
802 1498 1073 1550 temperatior
1103 1511 1200 1550 pars
1233 1511 1359 1551 quam
1389 1499 1450 1538 in-

90 1559 229 1598 terior.
302 1571 400 1597 nam
444 1559 559 1597 intus
604 1571 735 1611 paene
780 1558 1055 1610 sempiternae
1098 1556 1271 1609 hiemes,
1314 1571 1450 1610 neque

89 1619 260 1670 mirum,
307 1616 419 1670 quod
458 1618 557 1657 sunt
587 1619 780 1670 regiones
812 1618 923 1656 inter
955 1616 1158 1656 circulum
1190 1618 1449 1670 septemtrio·
1469 1631 1503 1658 25

89 1676 229 1716 nalem
261 1678 301 1717 et
331 1678 442 1716 inter
475 1676 685 1716 cardinem
712 1676 825 1728 caeli,
857 1675 931 1716 ubi
962 1676 1025 1716 sol
1051 1677 1177 1715 etiam
1203 1690 1274 1716 sex
1299 1677 1450 1716 mensi-

89 1736 167 1776 bus
196 1738 406 1776 continuis
433 1750 521 1776 non
546 1735 721 1776 videtur.
770 1738 913 1788 itaque
937 1737 983 1775 in
1009 1748 1162 1775 oceano
1188 1737 1234 1775 in
1260 1749 1308 1775 ea
1330 1736 1449 1789 parte

89 1810 141 1836 ne
172 1797 365 1849 navigari
397 1795 565 1849 quidem
596 1809 719 1849 posse
753 1795 897 1835 dicunt
922 1796 1094 1848 propter
1119 1808 1232 1835 mare
1258 1795 1448 1848 congela-

49 1854 192 1895 5tum.
266 1854 530 1908 Fundanius,
571 1854 652 1895 Em
692 1854 765 1895 ubi
809 1856 855 1894 tu
900 1856 1125 1908 quicquam
1166 1856 1283 1894 nasci
1325 1856 1447 1907 putes

89 1929 213 1968 posse
240 1917 312 1954 aut
333 1915 414 1955 coli
434 1916 593 1955 natum.
631 1928 776 1954 verum
797 1916 908 1954 enim
929 1915 991 1953 est
1010 1913 1117 1953 illud
1137 1912 1264 1954 Pacvi
1285 1910 1357 1967 (13
1377 1911 1446 1968 R.)
1467 1929 1500 1955 30

91 1975 155 2014 sol
200 1976 235 2014 si
275 1976 478 2028 perpetuo
519 1976 573 2014 sit
612 1975 684 2014 aut
714 1988 816 2026 nox,
862 1972 1054 2013 flammeo
1087 1987 1242 2027 vapore
1274 1974 1347 2013 aut
1377 1972 1448 2013 fri-

89 2047 191 2087 gore
229 2035 362 2074 terrae
400 2033 559 2074 fructos
600 2035 735 2074 omnis
768 2034 950 2073 interire.
1013 2046 1090 2086 ego
1131 2032 1217 2085 hic,
1258 2031 1332 2073 ubi
1361 2046 1447 2073 nox

209 2155 226 2181 3
260 2149 325 2183 del.
353 2149 545 2184 Iuczmdus
575 2151 586 2193 Η
618 2156 635 2182 4
671 2149 838 2183 aeditimi
874 2148 1083 2193 (aedituum
1120 2149 1320 2183 recentiora
1358 2158 1443 2192 apo-

91 2197 245 2242 grapha)
265 2198 276 2241 ΙΙ
297 2204 314 2229 6
339 2197 506 2230 nundum
525 2198 536 2241 ΙΙ
556 2204 573 2231 8
599 2197 711 2231 uultis
733 2196 855 2240 (uoltis
876 2196 951 2231 cod.
973 2195 1076 2241 Par.)
1096 2196 1108 2240 ΙΙ
1127 2202 1162 2229 14
1182 2206 1337 2239 ecquam
1363 2196 1443 2231 Vic-

90 2244 214 2278 torius.
279 2246 313 2278 et
340 2255 450 2287 quam
481 2246 492 2288 Η
524 2251 558 2278 15
591 2244 724 2288 inquid
755 2245 766 2288 ΙΙ
795 2250 829 2277 17
864 2245 1065 2278 eratostene
1092 2243 1342 2287 OErathostene
1372 2243 1446 2288 17)ss

91 2298 125 2324 21
139 2291 267 2334 utique
283 2292 366 2326 Leo.
395 2292 522 2335 ibique
545 2294 549 2334 1
573 2292 657 2326 add.
667 2293 742 2327 Leo
761 2293 772 2335 Η
792 2298 829 2325 22
844 2291 928 2326 add.
943 2302 978 2325 m
997 2292 1008 2334 ΙΙ
1028 2297 1066 2324 29
1081 2302 1138 2325 em
1151 2290 1217 2324 ubi
1231 2292 1271 2324 tu
1285 2291 1360 2325 Leo
1374 2291 1446 2335 (em

90 2350 170 2375 cum
192 2339 372 2384 Victorio).
407 2340 586 2373 emobitu:
603 2340 666 2374 ubi
679 2351 723 2374 en
737 2339 792 2374 ibi
805 2342 844 2374 tu
860 2340 992 2384 (putas)
1008 2338 1199 2373 Iucundus
1217 2339 1228 2383 ΙΙ
1247 2344 1287 2372 30
1298 2337 1422 2382 paculi
1435 2338 1446 2382 ss
