1555 2527
82 77 146 119 90
647 76 888 112 VARRONIS

88 176 137 215 ut
181 177 292 215 exire
335 177 503 228 possint
539 177 584 215 ‘m
629 189 723 215 eum
761 175 917 227 locum,
963 175 1035 216 ubi
1066 174 1272 215 hordeum
1302 175 1446 215 fusum

87 236 134 274 111
165 234 443 288 longitudine.
494 237 552 275 sic
585 237 697 275 enim
727 237 866 275 minus
901 235 1086 288 disperit,
1119 248 1245 288 quam
1271 232 1446 288 [ui]s<i>

87 296 134 334 in
166 292 370 347 acervo[s]
402 296 600 346 positum,
634 296 674 334 et
706 294 847 347 plures
880 294 1044 334 facilius
1078 293 1290 334 accedunt.
1351 292 1446 334 ideo

89 352 141 393 acl
166 352 362 393 bucinam
389 355 610 393 convenire
637 353 844 405 dicuntur,
872 356 918 393 ut
945 354 1127 394 silvestri
1154 354 1246 393 loco
1267 352 1447 406 dispersi

12 411 142 453 2111e
180 412 430 465 dispereant.
505 414 742 453 castrantur
779 427 915 453 verres
956 412 1291 453 commodissime
1329 413 1447 453 anni—
1484 428 1500 454 5

90 472 192 524 culi,
237 474 383 524 utique
414 486 467 511 ne
498 474 681 512 minores
715 485 840 524 quam
874 470 1173 525 se[x]mestres:
1219 485 1301 525 quo
1334 471 1446 512 facto

88 545 244 571 nomen
281 533 449 570 mutant
486 533 611 584 atque
649 545 669 570 e
702 530 890 570 verribus
924 531 1121 571 dicuntur
1152 531 1335 571 maiales,
1397 529 1448 571 de

90 592 269 630 sanitate
302 605 425 630 suum
450 604 583 630 unum
608 589 733 630 modo
761 591 940 643 exempli
967 604 1092 630 031183
1117 590 1263 631 dicam.
1307 591 1447 643 porcis

89 649 341 690 lactentibus
389 652 424 689 si
469 649 605 689 scrofa
642 649 703 689 lac
742 663 829 689 non
868 652 1010 702 potest
1048 649 1331 703 suppeditare,
1376 651 1448 689 tri-

89 711 220 749 ticum
252 709 423 748 frictum
455 708 543 748 dari
576 710 743 761 oportet
775 706 968 761 (crudum
997 711 1109 749 enim
1136 709 1263 749 solvit
1289 705 1446 762 alvom)
1467 725 1502 751 ιο

88 769 155 808 vel
198 767 401 808 hordeum
446 768 556 808 obici
600 782 649 808 ex
693 781 818 820 aqua,
871 767 1007 821 quaad
1055 767 1160 808 fiant
1202 770 1448 808 trimestres.

12 826 74 866 22
91 827 140 867 de
189 841 363 867 numero
408 829 453 867 in
498 828 667 867 centum
708 841 800 866 sues
847 826 987 867 decem
1031 841 1167 868 verres
1213 829 1314 867 satis
1359 840 1449 868 esse

88 889 258 940 putant:
291 886 461 939 quidam
493 888 618 926 etiam
650 886 748 926 hinc
781 885 964 927 demunt.
1026 900 1175 940 greges
1206 884 1448 939 [maiorum]

88 945 373 999 inaequabiles
423 945 597 998 habent3
649 945 720 985 sed
770 959 848 999 ego
898 945 1111 986 modicum
1159 948 1264 999 puto
1314 947 1449 986 cente-

87 1007 270 1045 narium:
317 1005 480 1057 aliquot
519 1007 697 1045 maiores
737 1005 914 1057 faciunt,
959 1007 1019 1045 ita
1055 1007 1103 1045 ut
1140 1007 1203 1046 ter
1244 1007 1449 1058 quinqua·
1469 1021 1501 1048 15

88 1079 222 1118 genos
261 1064 455 1104 habeant.
516 1078 741 1117 porcorum
779 1079 951 1118 gregem
990 1065 1062 1104 alii
1097 1064 1330 1118 duplicant,
1375 1065 1449 1104 alii

87 1126 218 1164 etiam
248 1126 450 1164 maiorem
481 1123 653 1164 faciunt.
703 1126 843 1164 minor
868 1138 971 1177 grex
997 1138 1123 1177 quam
1148 1126 1282 1164 maior
1306 1125 1447 1164 minus

86 1185 382 1236 sumptuosus,
427 1182 540 1236 quod
578 1185 750 1223 comites
791 1183 990 1223 subulcus
1021 1186 1240 1236 pauciores
1273 1184 1448 1236 quaerit.

88 1245 231 1296 itaque
274 1244 416 1296 gregis
457 1256 681 1282 numerum
724 1245 869 1295 pastor
913 1242 964 1282 ab
1010 1257 1085 1282 sua
1127 1243 1312 1283 utilitate
1353 1256 1449 1283 0011-

91 1303 246 1354 stituit,
278 1315 366 1342 non
398 1304 446 1341 ut
483 1304 587 1355 quot
618 1316 755 1342 verres
787 1301 956 1342 habeat:
994 1301 1038 1342 id
1070 1304 1182 1342 enim
1213 1301 1264 1343 ab
1296 1303 1449 1342 natura
1468 1319 1503 1344 20

91 1361 351 1402 sumendum.

39 1429 77 1463 V
208 1419 323 1461 Haec
366 1420 445 1460 hic.
517 1422 560 1460 at
604 1419 786 1468 Quintus
829 1419 1037 1460 Lucienus
1087 1422 1271 1473 senator,
1320 1419 1448 1461 homo

91 1482 280 1533 quamvis
312 1479 523 1519 humanus
557 1494 603 1519 ac
634 1482 819 1532 iocosus,
855 1482 1078 1532 introienS,
1111 1479 1330 1520 familiaris
1363 1493 1450 1520 om·

89 1541 209 1579 nium
245 1541 457 1591 nostrum,
498 1537 791 1592 Synepirotae,
830 1541 987 1592 inquit,
1029 1539 1217 1592 χαίρετες
1259 1537 1449 1582 Scrofam

92 1601 202 1639 enim
247 1601 287 1638 et
323 1597 557 1638 Varronem
599 1600 794 1638 nostrum
839 1597 1041 1652 [inquit],
1086 1597 1273 1650 ποιμένα
1317 1600 1449 1651 λαῶν,
1469 1614 1503 1640 25

89 1671 212 1697 mane
252 1658 442 1698 salutavi.
505 1655 613 1698 Cum
650 1658 756 1698 alius
796 1672 892 1698 eum
929 1658 1169 1710 salutasset,
1213 1658 1320 1698 alius
1353 1671 1450 1698 con-

91 1719 268 1756 viciatus
315 1719 439 1769 esset,
484 1719 556 1770 qui
599 1719 687 1756 tam
726 1731 816 1757 sero
855 1719 1038 1757 venisset
1075 1717 1127 1757 ad
1159 1718 1448 1770 constitutum,

91 1775 254 1816 Videbo
296 1779 380 1816 iam
423 1790 516 1829 VOS,
560 1774 718 1829 inquit,
762 1776 1019 1828 balatrones,
1064 1779 1105 1816 et
1143 1776 1223 1816 hoc
1265 1775 1449 1817 adferam

88 1849 232 1875 meum
265 1837 424 1875 corium
457 1838 498 1875 et
517 1834 671 1889 flagra.
733 1838 781 1876 tu
812 1849 928 1888 vero,
969 1834 1120 1888 Murri,
1164 1837 1261 1876 veni
1290 1838 1350 1876 nn'
1381 1834 1449 1876 ad-

213 1991 230 2018 2
258 1996 369 2028 quam
396 1986 426 2019 si
453 1986 675 2022 Politianus.
727 1987 897 2030 quamuis
917 1988 928 2031 ΙΙ
948 1993 966 2019 3
992 1987 1058 2022 del.
1081 1987 1167 2021 Keil
1197 1988 1209 2031 11
1239 1993 1258 2020 4
1276 1986 1451 2020 bucinam

99 2032 267 2067 Ursinus.
319 2034 513 2067 duodecim
541 2035 631 2077 Pol„
660 2035 860 2068 duodecem
882 2035 1048 2078 plurima
1074 2034 1289 2079 apographa
1307 2036 1318 2077 ΙΙ
1338 2041 1356 2067 6
1381 2034 1448 2069 del.

93 2091 114 2121 υ
133 2081 144 2123 Η
164 2085 182 2112 8
207 2090 314 2123 poros
343 2082 474 2123 (porcis
496 2082 663 2125 plurima
683 2083 908 2126 apoyrapha,
934 2092 1042 2126 poros
1064 2082 1143 2116 Pol.
1164 2086 1198 2116 et
1215 2083 1290 2116 cod.
1306 2081 1424 2126 Flor.)
1437 2080 1451 2128 ΙΙ

94 2133 131 2160 13
157 2127 223 2162 del.
253 2127 338 2162 Keil
357 2130 368 2171 Η
387 2135 423 2161 15
450 2129 590 2172 aliquot
614 2141 644 2164 v.
685 2129 837 2173 aliquod
863 2129 992 2173 (aliqui
1015 2129 1111 2173 Keil)
1131 2130 1199 2173 1119
1225 2129 1270 2163 ab
1297 2139 1364 2162 sua
1389 2128 1448 2173 (ab

90 2185 200 2208 suam
226 2175 319 2216 Pol„
345 2175 390 2209 ab
419 2187 485 2210 8113
503 2177 556 2211 vel
575 2188 596 2210 a
617 2188 682 2210 sua
702 2177 787 2212 libri
808 2188 923 2211 mana
941 2178 1081 2221 scripti)
1101 2178 1113 2220 ΙΙ
1132 2183 1171 2210 20
1189 2177 1318 2219 utique
1338 2175 1447 2223 Keil!

91 2224 186 2265 quot
207 2234 237 2256 v.
275 2223 375 2265 quod
394 2224 405 2266 ll
425 2229 462 2256 22
483 2226 519 2257 at
541 2235 571 2258 v.
608 2225 655 2257 ad
674 2227 685 2268 ΙΙ
705 2231 743 2258 24
758 2236 837 2268 sqq.
853 2225 1072 2268 sinepirotae
1086 2224 1221 2268 (mendi
1233 2228 1358 2259 notam
1382 2223 1450 2259 ad-

86 2270 248 2313 positam
270 2281 341 2304 esse
361 2270 552 2306 adnotavit
580 2272 681 2315 Ποῖ.)
709 2272 831 2315 inquit
851 2271 993 2306 charete
1019 2274 1055 2306 et
1072 2281 1265 2306 uarronem
1284 2273 1450 2305 nostrum

93 2316 228 2360 inquid
252 2318 516 2360 poemenalaon
544 2319 697 2353 scrofam
723 2319 822 2353 enim
847 2330 954 2353 mane
981 2320 1077 2364 (trai.
1105 2323 1138 2354 et
1163 2319 1230 2354 del.
1252 2318 1351 2363 Keil)
1364 2319 1376 2365 ss
