1555 2527
77 72 132 114 38
628 73 867 109 VARRONIS

78 185 160 225 qua
190 186 234 212 re
266 173 337 212 alii
371 173 522 226 asellis,
555 174 626 213 alii
659 175 792 213 vaccis
826 187 872 213 ac
904 174 1029 213 mulis
1057 175 1245 226 utuntur,
1278 173 1425 214 exinde

77 233 124 271 ut
168 231 313 284 pabuli
357 232 534 272 facultas
580 234 652 272 est.
732 247 830 273 nam
880 234 1044 273 facilius
1096 233 1248 273 asellus
1300 247 1425 286 quam

36 289 200 331 5vacca
243 292 390 344 alitur,
435 291 505 332 sed
549 292 804 332 fructuosior
846 291 957 333 haec.
1031 295 1075 332 in
1125 307 1172 333 eo
1218 293 1426 346 agricolae

76 350 156 391 hoc
197 351 487 405 spectandum,
529 365 612 404 quo
654 351 825 405 fastigio
868 353 922 391 sit
960 351 1127 392 fundus.
1189 354 1233 392 in
1267 351 1426 392 confra-

76 424 180 464 goso
226 413 336 451 enim
380 410 479 451 haec
525 425 571 451 ac
615 410 777 451 difficili
828 412 1060 451 valentiora
1102 411 1335 465 parandum
1386 413 1427 451 et
1464 429 1479 454 5

76 471 219 523 potius
266 484 313 510 ea
351 484 455 523 quae
493 484 568 523 per
606 484 648 510 se
689 470 872 510 fructum
906 470 1072 511 reddere
1104 472 1287 524 possint,
1332 484 1427 511 cum

76 528 187 569 idem
220 531 356 582 operis
390 529 556 570 faciant.

29 597 110 631 XXI
197 587 328 629 Canes
361 591 503 642 potius
531 602 625 628 cum
651 588 857 642 dignitate
883 591 923 629 et
950 603 1060 629 acres
1086 602 1242 643 paucos
1275 588 1427 629 haben-

77 647 175 687 dum
226 662 351 701 quam
401 649 576 700 multos,
628 661 732 701 quos
784 648 1066 689 consuefacias
1111 650 1254 702 potius
1298 650 1426 688 noctu

76 708 252 760 vigilare
303 710 342 747 et
392 707 575 748 interdiu
626 708 789 748 clausos
841 707 1032 748 dormire.
1112 707 1160 748 de
1210 707 1426 748 indomitis
1449 725 1482 751 ιο

78 766 402 820 quadripedibus
446 781 493 807 ac
533 780 681 820 pecore
722 766 975 808 faciendum:
1021 769 1056 807 si
1093 769 1214 820 prata
1252 768 1351 807 sunt
1382 768 1427 806 in

77 826 207 866 fundo
239 841 374 880 neque
407 841 532 880 pecus
565 825 702 879 habet,
741 825 876 866 danda
908 840 1034 880 opera
1065 829 1113 866 ut
1144 825 1300 880 pabulo
1332 840 1428 866 ven-

78 885 164 926 dito
199 886 382 926 alienum
413 900 539 939 pecus
572 888 617 926 in
650 900 725 926 suo
758 885 888 926 fundo
921 888 1065 939 pascat
1097 900 1143 926 ac
1175 885 1369 926 stabulet.

17 953 113 987 XXII
198 943 259 985 De
302 946 464 999 reliquo
504 947 785 986 instrumento
827 947 963 998 muto,
1007 948 1052 986 in
1090 959 1172 999 quo
1213 947 1311 986 sunt
1342 959 1428 986 cor-

77 1004 217 1057 bulae,
263 1004 392 1058 dolia,
439 1008 497 1045 sic
539 1006 636 1058 alia,
681 1005 781 1045 haec
812 1004 1115 1058 praecipienda.
1179 1019 1284 1058 quae
1313 1006 1429 1045 nasei
1450 1021 1482 1048 15

77 1067 122 1105 in
154 1064 285 1104 fundo
319 1079 364 1105 ac
396 1064 486 1105 fieri
518 1079 542 1104 a
573 1064 810 1105 domesticis
843 1066 1055 1118 poterunt,
1100 1079 1243 1105 eorum
1273 1063 1431 1118 nequid

78 1126 257 1177 ematur,
301 1126 348 1164 ut
391 1124 475 1165 fere
521 1126 619 1164 sunt
663 1138 768 1178 quae
813 1138 862 1164 ex
906 1123 1134 1164 viminibus
1176 1126 1217 1164 et
1256 1125 1432 1164 materia

78 1185 235 1224 rustica
278 1183 404 1236 fiunt,
448 1186 496 1224 ut
540 1183 701 1236 corbes,
746 1183 932 1237 fiscinae,
982 1183 1156 1236 tribula,
1206 1184 1324 1236 valli,
1368 1197 1430 1223 ra-

80 1244 208 1296 ste1h3
255 1245 312 1283 sic
352 1257 456 1297 quae
496 1243 606 1284 fiunt
641 1243 690 1283 de
723 1242 911 1296 cannabi,
957 1243 1056 1295 lino,
1100 1245 1237 1295 iunco,
1279 1243 1430 1297 palma,

38 1302 234 1357 2scirpo,
280 1305 327 1343 ut
359 1303 498 1355 funes,
543 1305 690 1355 restes,
735 1305 905 1356 tegetes
969 1317 1073 1356 quae
1106 1317 1126 1343 e
1158 1302 1289 1343 fundo
1323 1305 1431 1343 sumi
1451 1319 1485 1344 20

80 1376 167 1403 non
208 1364 426 1416 poterunt,
471 1377 518 1403 ea
550 1365 585 1403 si
618 1364 759 1416 empta
790 1364 913 1402 erunt
943 1364 1085 1416 potius
1120 1361 1171 1402 ad
1202 1362 1430 1403 utilitatem

81 1436 206 1475 quam
245 1421 298 1462 ob
338 1424 533 1476 speciem,
580 1424 750 1475 sumptu
792 1421 977 1462 fructum
1007 1436 1095 1463 non
1127 1421 1430 1474 extenuabunt3

82 1496 128 1522 eo
161 1484 314 1535 magis,
358 1484 392 1522 si
423 1481 520 1522 inde
553 1483 693 1535 empta
725 1484 847 1522 erunt
877 1483 1163 1535 potissimum,
1208 1480 1280 1521 ubi
1313 1495 1361 1522 ea
1391 1483 1432 1521 et

80 1540 192 1581 bona
236 1543 276 1581 et
318 1543 508 1595 proxime
553 1543 593 1582 et
636 1542 841 1583 vilissimo
893 1543 973 1581 emi
1022 1543 1233 1594 poterunt.
1313 1542 1430 1581 cuius

81 1603 352 1641 instrumenti
390 1603 506 1641 varia
537 1600 778 1641 discrimina
810 1615 856 1641 ac
887 1600 1116 1641 multitudo
1149 1603 1240 1654 agri
1271 1602 1432 1655 magm'-
1452 1616 1485 1641 25

81 1660 226 1701 tudine
264 1660 426 1713 finitur,
473 1660 585 1714 quod
615 1661 740 1713 plura
771 1674 876 1714 opus
911 1662 1026 1712 sunt,
1071 1662 1106 1700 si
1137 1659 1241 1700 fines
1275 1659 1433 1701 distant

41 1718 66 1759 3
82 1720 175 1760 late.
237 1719 395 1773 Itaque,
424 1719 542 1761 Stolo
569 1722 720 1773 inquit,
752 1721 970 1773 proposita
995 1719 1287 1773 magnitudine
1312 1718 1433 1760 fundi

82 1779 131 1820 de
163 1794 210 1820 eo
243 1794 394 1833 genere
422 1778 525 1820 Cato
553 1777 641 1833 (10)
670 1779 826 1832 scribit,
861 1780 1006 1820 oliveti
1030 1781 1179 1832 iugera
1211 1789 1328 1820 CCXL
1361 1780 1433 1833 qui

83 1840 253 1892 coleret,
301 1853 396 1880 eum
439 1841 646 1889 instruere
689 1841 750 1879 ita
794 1841 1002 1893 oportere,
1053 1840 1100 1878 ut
1143 1838 1296 1879 faceret
1335 1852 1435 1879 vasa

84 1899 239 1940 olearia
280 1901 383 1953 iuga
420 1901 622 1952 quinque,
667 1912 771 1952 quae
808 1898 1073 1939 membratim
1112 1900 1343 1951 enumerat,
1386 1899 1435 1938 ut
1454 1913 1488 1938 30

84 1973 133 1999 ex
166 1973 256 1998 aere
289 1958 455 2011 ahenea,
499 1972 657 2010 urceos,
700 1960 990 2010 nassiternam,
1033 1960 1134 1998 item
1176 1958 1273 1998 alia:
1320 1959 1378 1998 sic
1412 1971 1433 1998 e

84 2019 202 2072 ligno
236 2019 276 2058 et
308 2018 435 2071 ferro,
467 2019 515 2057 ut
546 2018 708 2071 plostra
738 2020 899 2058 maiora
930 2019 1027 2069 tria,
1071 2018 1209 2057 aratra
1240 2031 1334 2058 cum
1365 2031 1434 2058 vo-

83 2077 267 2118 meribus
313 2092 401 2130 sex,
446 2079 576 2118 crates
622 2079 887 2118 stercorarias
933 2079 1149 2130 quattuor,
1192 2078 1293 2117 item
1335 2077 1433 2117 alia:

204 2237 221 2263 4
248 2240 320 2273 quo
340 2241 371 2264 υ.
423 2229 522 2272 quod
541 2230 552 2273 ΙΙ
571 2236 589 2262 9
615 2229 736 2272 potius
764 2229 828 2263 del.
857 2229 943 2263 Keil
962 2230 1028 2272 1118
1057 2227 1144 2262 valli
1165 2228 1262 2262 Keil.
1309 2227 1436 2273 mallii}

86 2285 121 2310 19
149 2277 302 2311 cannabi
330 2276 471 2321 (canabi
496 2279 633 2321 apoyr.)
654 2278 665 2320 ΙΙ
685 2283 723 2310 20
750 2288 916 2319 quaeque
943 2276 1090 2310 Novius
1109 2277 1120 2320 ΙΙ
1140 2282 1178 2308 22
1203 2275 1251 2309 ad
1277 2274 1436 2319 speciem

87 2326 175 2360 Keil
192 2327 203 2370 ΙΙ
223 2332 259 2358 27
288 2324 419 2368 inquid
438 2326 449 2368 Η
469 2331 507 2357 33
534 2336 595 2358 sex
622 2336 648 2358 s.
676 2326 733 2369 <=
755 2323 873 2369 sexs?')
901 2326 1014 2358 crates
1035 2325 1045 2367 ΙΙ
