1555 2527
75 68 101 109 6
294 65 534 101 VARRONIS
560 66 728 100 RERVM
754 65 1060 101 RVSTICARVM
1085 66 1169 100 LIB.
1190 65 1205 100 Ι

73 164 135 206 De
167 164 373 206 fructibus
406 166 581 205 maturis
615 164 825 218 capiendis

73 223 136 266 De
167 225 382 265 faenisicio
416 226 457 265 61
490 225 714 265 sicilitione
745 227 963 278 pratorum

73 283 136 325 De
179 298 313 325 messe
351 285 391 324 61
428 298 553 325 causa
588 284 714 324 huius
752 284 962 337 vocabuli,
1009 298 1135 338 quare
1172 287 1318 326 messis
1358 299 1426 339 ap-

193 345 350 397 pellaba
382 345 436 384 sit
469 358 646 397 quareve
678 344 821 397 paleae
855 345 1088 398 appellatae
1122 346 1207 385 sint

74 401 229 444 Aream
261 404 428 457 qualem
460 418 547 444 esse
580 405 772 457 oporteat
1465 418 1480 445 5

74 462 122 504 In
158 477 299 503 semen
331 477 455 516 quem
487 463 538 503 ad
569 463 741 503 modum
773 465 907 517 spicas
942 466 1098 504 secerni
1131 465 1323 517 oporteat

75 522 245 563 Tritura
277 537 401 576 quem
433 521 484 562 ad
515 522 687 563 modum
718 522 808 563 fieri
841 525 1033 576 oporteab

74 581 137 623 De
170 582 328 636 stipula

74 640 137 682 De
169 641 380 682 vindemia
410 640 599 681 facienda

76 700 137 742 De
171 702 262 742 olea
293 700 470 754 legenda
1451 716 1484 741 ιο

75 760 138 801 De
170 760 292 801 faeno
327 759 542 801 condendo

76 819 138 861 De
170 822 311 860 tritico
345 819 560 861 condendo

76 879 139 920 De
171 879 269 920 faba
300 880 341 920 61
372 880 658 933 leguminibus
693 880 917 921 condendis

76 938 139 980 De
170 941 263 979 uvis
298 939 523 980 condendis

77 998 139 1039 De
171 1001 308 1053 pomis
343 999 568 1040 condendis
1453 1013 1485 1039 15

76 1058 140 1099 De
173 1060 265 1100 olea
296 1058 511 1099 condenda

78 1118 140 1159 De
173 1132 342 1158 amurca
373 1118 588 1159 condenda

79 1177 142 1219 De
173 1178 414 1232 promendis
448 1178 642 1232 frugibus
676 1179 821 1220 tuendi
855 1194 978 1220 causa

81 1237 215 1286 Quem
247 1237 298 1277 ad
329 1237 502 1278 modum
534 1238 792 1279 frumentum
824 1239 1103 1293 promendum
1136 1241 1191 1280 sit

80 1296 143 1338 De
176 1311 344 1338 amurca
375 1297 531 1338 tuenda
564 1301 603 1339 61
634 1299 866 1352 promenda
1453 1311 1488 1337 20

80 1356 143 1398 De
174 1359 273 1398 vino
306 1357 537 1411 promendo

80 1416 144 1457 De
177 1417 269 1457 olea
298 1417 529 1470 promenda

69 1475 145 1517 'De
174 1491 281 1517 nuce
313 1478 354 1517 61
384 1477 573 1530 palmula
605 1479 645 1518 61
675 1477 754 1518 fico
786 1477 1017 1532 promenda

82 1535 145 1576 De
177 1538 268 1576 uvis
303 1538 343 1577 61
373 1538 494 1577 malis
529 1539 570 1578 61
603 1537 736 1578 sorbis
770 1537 1003 1591 pensilibus
1036 1536 1276 1591 promendis

83 1595 145 1636 De
189 1596 297 1636 farre
340 1597 571 1650 promendo
617 1599 688 1637 aut
727 1596 778 1637 ad
816 1596 999 1637 cibatum
1038 1599 1110 1636 aut
1148 1596 1198 1636 ad
1231 1598 1435 1637 sationem
1454 1608 1487 1635 25

203 1657 276 1696 aut
308 1656 359 1696 ad
390 1656 658 1697 vendundum

204 1792 242 1819 24
269 1784 385 1819 soruis
404 1786 416 1830 ΙΙ
