1555 2527
36 1252 83 1286 XI

96 72 151 114 26
651 71 891 107 VARRONIS

95 171 160 212 die
210 185 377 212 exarare
426 173 603 224 possint.
692 185 858 212 versum
908 171 1053 211 dicunt
1102 174 1269 212 centum
1318 170 1442 225 pedes

52 230 1027 344 ²flssssssussalirffi335³d2ssl¹1¹1¹s³quissffissff'
1063 230 1207 344 311ῗῖ1
1219 230 1445 330 Ἓῗὲῗίἰῗ

94 349 218 404 pedes
262 360 352 391 cxx
393 352 434 390 et
474 350 627 403 longus
669 349 861 390 totidem:
902 352 937 390 is
970 349 1118 390 modus
1152 364 1284 390 acnua
1315 350 1444 390 latine

95 410 342 463 appellatur.
403 411 539 462 iugeri
577 423 672 462 pars
711 411 885 449 minima
927 408 1078 449 dicitur
1111 410 1358 463 scripulum,
1401 408 1445 449 id

95 471 158 510 est
196 469 335 510 decem
376 468 499 522 pedes
542 470 582 509 et
622 468 889 522 longitudine
930 470 971 508 et
1008 468 1230 509 latitudine
1271 468 1445 523 quadra-

95 530 197 569 tum.
248 527 298 569 ab
332 528 409 569 hoc
442 530 650 582 principio
683 542 893 568 mensores
926 541 1013 568 non
1044 542 1275 582 numquam
1301 527 1446 568 dicunt

95 590 140 629 in
179 588 434 628 subsicivum
473 602 561 627 esse
599 589 766 627 unciam
805 589 895 641 agri
933 589 1006 627 aut
1038 589 1286 640 sextantem,
1332 586 1446 640 si<c>

97 647 198 702 quid
229 647 359 699 aliud,
405 661 499 687 cum
531 646 582 686 ad
612 648 807 700 iugerum
837 648 1133 700 pervenerunt,
1178 620 1290 701 quod
1321 646 1447 687 habet

95 710 289 761 iugerum
341 707 524 760 scripula
569 716 848 758 CCLXXXVIII,
899 708 1105 759 quantum
1154 721 1198 746 as
1249 709 1444 760 antiquos

95 769 239 807 noster
283 769 378 806 ante
421 766 580 806 bellum
624 767 826 818 punicum
871 765 1089 819 pendebat.
1159 765 1260 806 bina
1301 768 1448 820 iugera

98 826 211 880 quod
244 840 268 866 a
292 825 475 867 Romulo
503 827 686 879 primum
715 824 848 865 divisa
875 824 1120 865 dicebantur
1144 827 1315 878 viritim,
1342 839 1447 879 quae

96 885 289 926 heredem
322 887 605 939 sequerentur,
637 884 853 925 heredium
880 885 1159 938 appellarunt.
1207 884 1310 926 haec
1334 887 1448 939 post-

97 960 146 986 ea
182 947 350 986 centum
387 946 585 985 centuria.
649 946 837 984 centuria
869 946 931 984 est
963 943 1181 998 quadrata,
1225 946 1271 985 in
1303 958 1446 986 omnes

98 1007 297 1059 quattuor
322 1006 461 1058 partes
488 1006 536 1044 ut
560 1001 712 1044 habeat
737 1004 869 1044 latera
892 1004 1022 1058 longa
1046 1003 1200 1057 pedum
1221 1017 1273 1043 00
1292 1017 1344 1043 00
1362 1001 1447 1045 ΟΒ.

97 1065 174 1105 hae
218 1078 344 1118 porro
390 1065 607 1117 quattuor,
653 1065 864 1104 centuriae
909 1065 1155 1104 coniunctae
1193 1065 1241 1104 ut
1278 1065 1364 1104 sint
1402 1065 1448 1104 in

97 1126 319 1178 utramque
363 1125 525 1177 partem
565 1122 705 1175 binae,
754 1123 1022 1177 appellantur
1062 1125 1107 1163 in
1149 1125 1260 1177 agris
1303 1122 1447 1164 divisis
1513 1150 1515 1153 ι

98 1186 256 1224 viritim
287 1183 454 1237 publice
487 1183 630 1224 saltus.

216 1243 267 1284 In
297 1242 421 1284 modo
454 1242 575 1283 fundi
605 1256 694 1283 non
719 1241 1007 1282 animadverso
1033 1242 1142 1296 lapsi
1167 1243 1303 1295 multi,
1337 1241 1449 1296 quod

99 1304 170 1344 alii
220 1303 365 1343 villam
413 1304 553 1343 minus
603 1316 801 1355 magnam
849 1301 1054 1354 fecerunt,
1119 1316 1245 1356 quam
1299 1301 1448 1343 modus

98 1364 342 1416 postulavit,
375 1363 447 1402 alii
478 1363 689 1413 maiorem,
723 1375 818 1401 cum
848 1363 1074 1415 utrumque
1107 1363 1162 1402 sit
1193 1363 1340 1402 contra
1363 1375 1450 1402 rem

98 1423 347 1463 familiarem
379 1436 426 1462 ac
457 1421 651 1462 fructum.
713 1423 873 1461 maiora
910 1423 1022 1461 enim
1052 1422 1162 1461 tecta
1193 1423 1234 1461 et
1265 1420 1450 1462 aedifica-

101 1497 191 1522 mus
236 1483 370 1536 pluris
416 1483 456 1522 et
493 1483 660 1521 tuemur
700 1482 872 1534 sumptu
909 1482 1077 1521 maiore.
1150 1483 1316 1522 minora
1355 1495 1450 1521 cum

101 1543 215 1595 sunt,
261 1555 387 1595 quam
426 1541 616 1595 postulat
655 1539 829 1592 fundus,
873 1539 1034 1580 fructus
1075 1540 1213 1581 solent
1249 1540 1450 1594 disperire

59 1600 182 1655 2[L].
245 1601 420 1641 dubium
458 1603 570 1641 enim
605 1614 694 1640 non
732 1601 794 1640 est
833 1601 936 1653 quin
975 1600 1079 1640 cella
1115 1602 1277 1640 vinaria
1316 1602 1450 1641 maior

102 1663 156 1701 sit
193 1660 382 1701 facienda
415 1662 461 1700 in
493 1674 540 1700 eo
574 1673 695 1713 agro,
740 1658 813 1699 ubi
848 1660 986 1699 vineta
1019 1661 1119 1711 sint,
1165 1659 1371 1713 ampliora
1401 1661 1450 1699 ut

100 1720 259 1772 horrea,
293 1723 328 1760 si
359 1720 658 1760 frumentarius
692 1732 791 1772 ager
823 1719 895 1758 est.

218 1778 412 1833 Villa[m]
443 1777 775 1831 aedificanda[m]
802 1779 1072 1831 potissimum
1098 1779 1146 1817 ut
1169 1779 1282 1818 intra
1308 1780 1451 1832 saepta

101 1840 225 1880 villae
255 1839 407 1879 habeat
439 1852 607 1893 aquam,
653 1840 687 1878 si
718 1851 822 1890 non,
867 1851 993 1891 quam
1023 1839 1229 1890 proxime:
1266 1840 1451 1892 primum

102 1913 207 1952 quae
239 1899 299 1939 ibi
332 1901 386 1939 sit
416 1901 526 1950 nata,
567 1896 793 1938 secundum
827 1910 932 1950 quae
962 1895 1114 1937 influat
1145 1899 1352 1950 perennis
1415 1900 1450 1938 si

103 1961 275 1999 omnino
321 1973 429 2012 aqua
471 1972 557 1998 non
603 1959 665 1997 est
707 1958 818 2008 viva,
871 1958 1073 1996 cisternae
1117 1956 1328 1998 faciendae
1373 1957 1449 1997 sub

102 2020 222 2058 tectis
267 2020 308 2058 et
351 2018 465 2058 lacus
512 2016 588 2057 sub
634 2015 721 2069 dio,
765 2031 814 2056 ex
855 2016 986 2056 altero
1028 2016 1120 2056 loco
1160 2018 1209 2056 ut
1248 2016 1451 2069 homines,

25 2085 90 2119 XII
104 2091 152 2117 ex
191 2078 321 2118 altero
360 2079 408 2117 ut
445 2091 570 2130 pecus
610 2078 673 2116 uti
710 2077 857 2129 possit.
919 2073 1133 2128 dandam]
1167 2074 1371 2129 opera[m]
1404 2078 1452 2116 ut

102 2139 371 2190 potissimum
399 2137 475 2176 sub
502 2135 711 2176 radicibus
737 2136 894 2175 montis
922 2135 1124 2175 silvestris
1144 2135 1290 2175 villam
1308 2137 1450 2189 ponat,

222 2282 240 2309 3
266 2276 357 2309 duos
383 2248 480 2309 actbs
514 2276 617 2318 (duos
644 2276 744 2308 actus
771 2275 909 2320 (φορτ.)
940 2275 952 2318 ΙΙ
977 2280 995 2307 8
1027 2274 1113 2310 add.
1140 2275 1228 2309 Keil
1250 2275 1263 2320 u
1287 2282 1323 2308 12
1355 2274 1451 2310 dice-

103 2324 235 2358 bantur
248 2334 314 2359 om.
329 2324 478 2358 Nonius
496 2324 507 2367 ll
527 2330 565 2356 20
584 2323 714 2356 modus
727 2321 833 2356 fundi
847 2322 934 2357 Keil
952 2323 963 2365 ΙΙ
983 2328 1021 2355 28
1035 2323 1101 2357 del.
1116 2322 1204 2357 Keil
1220 2323 1233 2368 Η
1251 2329 1290 2356 38
1313 2323 1379 2358 del.
1393 2334 1429 2358 m
1441 2324 1452 2368 ΙΙ

1467 721 1500 746 10

1468 1018 1501 1044 15

1469 1317 1504 1342 20

1470 1614 1502 1640 25

1470 1912 1502 1938 30
