1555 2527
101 118 164 160 80
665 118 909 154 VARRONIS

105 230 199 256 cum
231 231 374 257 omnes
408 219 700 270 conceperunt,
732 231 875 257 rursus
910 219 1056 257 arietes
1091 216 1342 270 secernendi,
1379 219 1463 257 iam

103 275 224 316 factis
251 275 619 330 praegna[n]tibus
647 276 760 330 quod
786 279 885 317 sunt
910 277 1089 329 molesti,
1117 276 1284 317 obsunt.
1327 290 1464 330 neque

102 337 192 388 pati
237 338 404 389 oportet
447 338 630 376 minores
674 350 800 389 quam
838 336 971 376 bimas
1006 336 1138 388 saliri,
1185 335 1298 389 quod
1328 349 1463 389 neque

102 397 250 434 natum
283 409 331 435 ex
363 395 428 435 his
461 395 660 436 idoneum
693 398 772 447 est,
817 409 952 448 neque
990 409 1077 435 non
1108 398 1224 449 ipsae
1255 394 1366 435 fiunt
1397 394 1463 436 de-

102 456 292 507 teriores;
338 457 378 494 et
415 468 502 494 non
539 455 731 495 meliores
772 468 897 507 quam
936 457 1084 495 trimae
1117 454 1334 495 admissae.
1396 454 1462 495 de-
1499 472 1516 498 5

102 515 261 553 terrent
301 513 352 553 ab
396 514 601 566 saliendo,
645 516 684 553 et
715 513 894 554 fiscellas
928 528 948 554 e
980 517 1105 554 iunco
1139 515 1272 554 aliave
1305 527 1388 567 qua
1418 527 1462 554 re

101 572 215 625 quod
259 573 438 626 alligant
482 573 533 613 ad
576 576 788 613 naturam:
841 573 1099 614 commodius
1146 575 1381 626 servantur,
1427 575 1463 614 si

102 634 278 672 secretas
311 635 502 686 pascunt.

30 690 86 732 15
219 690 270 731 In
312 694 545 744 nutricatu,
591 706 685 731 cum
728 705 873 744 parere
918 694 1163 745 coeperunt,
1207 693 1380 745 inigunt
1415 694 1462 732 in

103 750 285 803 stabula,
337 764 465 804 eaque
515 750 672 790 habent
716 750 767 790 ad
812 764 902 790 eam
951 765 1039 791 rem
1089 751 1268 803 seclusa,
1317 750 1460 804 ibique
1481 768 1515 794 ιο

99 812 200 850 nata
243 812 426 850 recentia
469 810 520 850 ad
563 812 706 863 ignem
744 824 874 863 prope
913 812 1094 863 ponunt,
1140 809 1276 864 quaad
1313 824 1460 850 conva-

100 870 281 910 luerunt.
351 869 525 909 biduum
563 869 691 921 a<u>t
728 869 916 909 triduum
953 871 1152 923 retinent,
1199 869 1298 909 dum
1342 869 1460 910 adco-

100 931 308 982 gnoscant
344 932 521 969 matrem
562 931 662 982 agni
701 931 741 968 et
771 928 928 982 pabulo
966 943 1007 969 se
1041 931 1241 969 saturent.
1312 927 1460 969 deinde

99 990 252 1028 matres
298 1002 393 1028 cum
433 1002 561 1041 grege
604 990 773 1041 pastum
817 987 1043 1041 prodeunt,
1087 990 1270 1029 retinent
1314 1001 1459 1042 agnos,

100 1047 150 1087 ad
190 1061 294 1100 quos
337 1062 432 1087 cum
472 1047 666 1087 reductae
704 1047 756 1087 ad
793 1062 1030 1100 vesperum,
1075 1048 1248 1088 aluntur
1279 1048 1386 1088 lacte
1418 1049 1459 1088 et
1479 1065 1512 1090 15

99 1121 243 1147 rursus
278 1106 584 1160 discernuntur,
615 1121 669 1147 ne
699 1109 829 1147 noctu
863 1121 885 1146 a
916 1107 1121 1147 matribus
1149 1107 1458 1148 conculcentur.
1513 1146 1516 1149 Α

98 1165 178 1206 hoc
210 1168 311 1206 item
343 1166 505 1206 faciunt
535 1180 674 1219 mane,
719 1168 945 1219 antequam
980 1169 1134 1207 matres
1171 1169 1218 1207 in
1254 1166 1458 1220 pabulum

24 1225 83 1266 16
99 1227 259 1278 exeant,
297 1227 345 1265 ut
377 1228 476 1279 agni
510 1226 654 1266 satulli
685 1225 790 1266 fiant
822 1226 940 1266 lacte.
1002 1228 1166 1266 circiter
1198 1226 1339 1266 decem
1371 1226 1456 1266 dies

99 1299 194 1324 cum
236 1287 558 1338 praeterierunt,
602 1286 722 1338 palos
768 1285 953 1339 offigunt
996 1287 1036 1326 et
1081 1285 1132 1325 ad
1170 1298 1239 1326 eos
1279 1286 1458 1339 alligant

97 1343 206 1384 libro
240 1347 312 1384 aut
344 1358 427 1398 qua
458 1346 541 1384 alia
572 1359 615 1385 re
646 1346 729 1385 levi
762 1344 982 1397 distantes,
1026 1359 1078 1386 ne
1122 1347 1213 1386 toto
1259 1344 1324 1385 die
1368 1359 1458 1385 cur-
1477 1363 1511 1389 ρο

99 1405 237 1443 santes
281 1406 392 1444 inter
442 1419 484 1444 se
533 1407 667 1445 teneri
716 1404 902 1445 delibent
951 1404 1112 1457 aliquid
1160 1404 1455 1445 membrorum.

99 1465 134 1502 si
166 1462 217 1502 ad
248 1466 394 1503 matris
427 1478 652 1504 mammam
683 1478 770 1504 non
803 1464 983 1516 accedet,
1030 1463 1249 1504 admovere
1289 1465 1457 1518 oportet

99 1524 138 1562 et
179 1522 297 1562 labra
337 1526 437 1576 agni
475 1538 663 1577 unguere
700 1523 855 1564 buturo
895 1526 967 1563 aut
1005 1523 1126 1576 adipe
1168 1523 1294 1564 suilla
1325 1525 1366 1564 et
1398 1523 1457 1564 ol-

98 1581 231 1622 facere
280 1582 398 1622 labra
448 1583 565 1623 lacte.
647 1582 791 1623 diebus
842 1585 940 1636 post
988 1585 1133 1636 paucis
1191 1582 1353 1623 obicere
1402 1585 1454 1623 iis

97 1643 249 1680 viciam
279 1642 472 1681 molitam
505 1644 577 1682 aut
608 1642 781 1682 herbam
812 1645 1009 1694 teneram,
1047 1644 1271 1695 antequam
1303 1644 1456 1682 exeunt
1475 1659 1508 1686 25

24 1700 81 1740 ‘17
98 1703 267 1753 pastum
306 1703 345 1740 et
387 1715 481 1741 cum
512 1704 784 1742 reverterunt.
847 1704 887 1742 et
919 1704 978 1742 sic
1008 1703 1287 1755 nutricantur,
1319 1700 1456 1755 quaad

97 1759 198 1799 facti
243 1762 341 1800 sunt
385 1760 720 1813 quadrimestres.
798 1763 958 1802 interea
1005 1763 1158 1801 matres
1209 1775 1354 1801 eorum
1401 1763 1453 1801 iis

98 1819 358 1871 temporibus
396 1834 483 1860 non
520 1822 714 1874 mulgent
746 1820 933 1874 quidam3
978 1823 1051 1874 qui
1081 1820 1125 1860 id
1155 1821 1324 1873 melius,
1369 1834 1455 1861 om-

97 1880 199 1918 nino
244 1881 465 1932 perpetuo,
511 1880 623 1933 quod
667 1883 708 1921 et
750 1881 871 1920 lanae
914 1881 1010 1933 plus
1055 1880 1197 1920 ferunt
1240 1881 1280 1919 et
1320 1893 1452 1933 agnos

97 1938 252 1990 plures,
325 1952 419 1977 cum
452 1939 616 1992 depulsi
649 1941 747 1980 sunt
779 1942 879 1994 agni
911 1954 935 1980 a
964 1939 1188 1991 matribus,
1233 1939 1454 1993 diligentia
1472 1956 1507 1982 30

99 1996 334 2037 adhibenda
365 2000 438 2050 est,
472 2013 525 2038 ne
558 1999 762 2040 desiderio
796 2001 1024 2039 senescant.
1080 2001 1222 2052 itaque
1254 1997 1454 2039 delinien-

98 2055 198 2096 dum
228 2059 274 2096 in
303 2058 517 2097 nutricatu
550 2058 696 2111 pabuli
727 2058 916 2099 bonitate
948 2060 988 2098 et
1020 2073 1043 2098 a
1073 2058 1231 2111 frigore
1264 2060 1304 2098 et
1335 2059 1452 2098 aestu

215 2178 231 2204 1
258 2171 333 2205 iam
368 2172 464 2206 Keil.
515 2174 567 2207 ita
597 2175 608 2218 ΙΙ
639 2180 656 2207 2
692 2174 757 2209 del.
787 2174 873 2209 Keil
909 2175 920 2218 ΙΙ
956 2180 990 2206 11
1025 2175 1167 2217 ponunt
1197 2184 1227 2207 v.
1278 2174 1417 2216 ponant
1439 2171 1452 2219 ΙΙ

97 2225 133 2252 12
160 2221 222 2252 aut
246 2230 319 2253 mv.
371 2220 418 2253 ad
449 2221 459 2264 ΙΙ
490 2227 526 2253 13
559 2224 720 2255 saturent
752 2233 824 2257 mv.
889 2223 1052 2256 saturant
1082 2222 1093 2264 ΙΙ
1125 2226 1161 2253 16
1197 2220 1452 2254 discernuntur

97 2266 174 2301 cod.
202 2267 323 2301 Paris.
382 2267 630 2301 discernentur
649 2271 660 2313 ΙΙ
680 2276 718 2302 20
752 2270 926 2303 distantes
953 2280 1027 2303 mv.
1079 2268 1261 2302 destantes
1292 2268 1303 2312 ΙΙ
1334 2274 1372 2301 25
1396 2269 1449 2302 te-

97 2325 222 2348 neram
250 2326 320 2349 mv.
371 2315 544 2349 tenetiam
572 2317 583 2359 Η
609 2323 647 2349 26
680 2318 802 2360 quaad
828 2317 925 2352 Keil.
976 2315 1076 2359 quod
1101 2315 1148 2349 ad
1178 2317 1190 2360 ΙΙ
1221 2321 1259 2349 28
1284 2315 1451 2360 mulgent

96 2361 300 2396 Iucundus.
351 2362 539 2406 mulgeant
560 2364 565 2408 Ι
588 2364 627 2397 id
653 2364 748 2399 Keil.
799 2366 840 2398 ut
858 2366 869 2409 η
