1560 2506
346 74 513 109 RERVM
537 73 842 109 RVSTICARVM
866 73 951 107 LIB.
972 73 986 106 Ι
1007 76 1096 107 6——7
1337 74 1390 115 21

51 187 156 227 quae
199 171 314 226 [que]
356 186 431 213 suo
473 174 651 225 quicque
692 172 784 212 loco
827 172 926 211 sunt
964 173 1120 224 posita,
1165 185 1212 211 ea
1254 174 1392 212 minus

50 233 133 273 loci
173 232 394 285 occupant,
440 233 480 271 et
516 233 655 271 minus
699 230 832 271 officit
872 230 986 270 aliud
1027 231 1099 270 alii
1135 229 1185 270 ab
1229 231 1315 271 sole
1348 245 1394 271 ac

50 293 152 333 luna
191 292 231 331 et
266 292 404 331 vento.
466 290 546 331 hoc
583 291 681 330 licet
713 291 951 330 coniectura
981 288 1118 329 videre
1152 304 1200 330 ex
1233 290 1434 343 aliquot3

50 349 184 403 rebus,
221 351 270 389 ut
299 363 425 390 nuces
457 351 642 403 integras
676 363 778 403 quas
811 363 896 389 uno
927 348 1067 389 modio
1101 349 1395 402 comprendere

16 425 31 450 5
50 411 198 464 possis,
237 408 349 462 quod
385 410 604 462 putamina
635 422 711 449 suo
744 409 836 449 loco
870 422 1057 462 quaeque
1088 407 1214 448 habet
1244 411 1396 449 natura

51 470 298 522 composita,
344 482 438 508 cum
475 467 655 521 easdem,
701 470 736 508 si
773 467 964 521 fregeriS,
1008 469 1078 507 vix
1113 467 1394 521 sesquimodio

51 529 267 581 concipere
305 529 455 581 possis,
521 529 734 581 praeterea
775 541 880 581 quae
920 526 1086 568 arbores
1124 529 1170 567 in
1208 526 1438 569 ordinem4

51 588 162 628 satae
203 588 318 640 sunt,
363 601 429 627 eas
471 586 744 640 aequabiliter
785 600 833 626 ex
871 585 1065 627 omnibus
1103 586 1292 639 partibus
1333 587 1397 627 sol

50 660 97 687 ac
139 646 240 686 luna
283 648 481 700 coquunt.
556 660 638 700 quo
682 646 731 686 fit
774 648 822 686 ut
865 660 969 686 uvae
1014 647 1054 686 et
1097 646 1211 686 oleae
1254 647 1395 699 plures

0 720 31 746 ιο
48 706 275 746 nascantur
318 707 358 746 et
400 707 448 745 ut
491 706 663 746 celerius
709 707 953 759 coquantur.
1039 719 1141 759 quas
1186 720 1249 746 res
1295 705 1395 745 duas

50 766 283 819 sequuntur
321 765 451 805 altera
486 766 562 805 illa
600 765 699 818 duo,
743 767 791 805 ut
830 765 926 819 plus
960 763 1028 818 [L]
1061 764 1235 805 reddant
1267 766 1397 805 musti

50 826 91 865 et
122 824 204 864 olei
235 825 276 864 et
306 823 466 878 preti[i]
498 825 644 878 pluris.

169 881 367 937 Sequitur
411 883 638 924 secundum
681 883 805 936 illud,
850 884 965 937 quali
1008 885 1118 924 terra
1162 884 1299 924 solum
1343 886 1438 926 sit5

50 942 187 995 fundi,
231 956 255 982 a
293 957 376 996 qua
413 945 532 996 parte
564 943 630 984 vel
661 945 840 983 maxime
871 942 1006 984 bonus
1040 945 1112 983 aut
1142 957 1229 984 non
1260 942 1396 983 bonus

0 1015 31 1041 15
51 1002 297 1056 appellatur.
358 1002 484 1042 refert
522 1005 650 1054 enim,
694 1016 799 1056 quae
836 1017 900 1043 res
932 1005 977 1043 in
1009 1016 1056 1043 eo
1089 1005 1169 1043 seri
1199 1004 1398 1056 nascique

51 1063 92 1113 et
141 1063 258 1102 cuius
307 1061 422 1102 modi
466 1063 648 1115 possint:
697 1076 785 1103 non
829 1064 940 1102 enim
984 1061 1125 1102 eadem
1169 1064 1311 1103 omnia
1353 1064 1397 1102 in

51 1120 196 1162 eodem
226 1134 328 1174 agro
360 1123 469 1162 recte
500 1123 691 1174 possunt.
745 1136 843 1161 nam
875 1123 923 1161 ut
955 1122 1061 1162 alius
1095 1123 1156 1162 est
1188 1121 1239 1161 ad
1271 1123 1398 1162 vitem

52 1181 288 1234 appositus,
333 1181 439 1221 alius
485 1180 536 1220 ad
579 1180 854 1233 frumentum,
906 1183 963 1221 sic
1008 1181 1056 1221 de
1101 1183 1245 1221 ceteris
1291 1181 1397 1221 alius

52 1239 104 1280 ad
147 1239 272 1279 aliam
315 1254 413 1281 rem.
486 1242 628 1293 itaque
673 1238 818 1281 Cretae
861 1240 913 1280 ad
958 1239 1203 1293 Cortyniam
1247 1240 1439 1282 dicitur6

0 1313 33 1338 20
52 1299 247 1352 platanus
275 1313 375 1351 esse,
408 1313 513 1353 quae
538 1299 642 1340 folia
665 1299 800 1340 hieme
825 1314 913 1340 non
939 1302 1115 1352 amittat,
1147 1302 1330 1353 itemque
1354 1301 1400 1339 in

52 1356 204 1412 Cypro,
218 1360 266 1398 ut
279 1357 592 1412 Theophrastus
608 1356 808 1413 (hist.pl.1
819 1358 902 1413 9‚5)
918 1361 987 1412 ait,
1007 1373 1102 1411 una,
1121 1361 1222 1399 item
1238 1357 1399 1411 Subari,

52 1419 125 1471 qui
164 1431 277 1457 nunc
308 1417 456 1458 Thurii
494 1417 705 1471 dicuntur,
750 1433 925 1472 quercus
959 1419 1086 1459 simili
1119 1433 1207 1459 esse
1237 1421 1399 1470 natura,

53 1490 159 1530 quae
190 1478 252 1517 est
282 1479 327 1517 in
360 1477 505 1531 oppidi
537 1479 779 1531 conspectu:
811 1480 912 1518 item
951 1480 1096 1519 contra
1133 1480 1258 1532 atque
1289 1477 1400 1531 apud

52 1549 129 1576 nos
167 1535 259 1576 fieri
296 1535 348 1576 ad
378 1535 707 1590 Elephantinen,
749 1539 797 1577 ut
827 1551 962 1591 neque
993 1537 1095 1578 ficus
1128 1551 1262 1591 neque
1294 1539 1399 1577 vites

1 1609 33 1634 25
54 1596 250 1636 amittant
292 1595 405 1637 folia.
478 1598 651 1650 propter
695 1596 866 1637 eandem
910 1611 1076 1637 causam
1125 1598 1260 1637 multa
1303 1599 1401 1637 sunt

52 1653 201 1707 bifera,
242 1656 290 1694 ut
332 1657 428 1695 vitis
475 1655 585 1709 apud
627 1670 740 1696 mare
784 1655 1005 1710 Zmyrnae,
1049 1657 1184 1697 malus
1230 1655 1401 1710 [biferae

54 1712 117 1767 ut]
140 1715 195 1754 in
226 1728 328 1768 agro
361 1712 630 1756 Consentino.
691 1715 801 1756 idem
834 1715 1033 1769 ostendit,
1078 1715 1191 1770 quod
1221 1718 1267 1756 in
1298 1716 1439 1757 locis‘l

54 1772 152 1813 feris
202 1773 325 1827 plura
373 1773 531 1828 ferunt,
580 1777 627 1815 in
674 1777 725 1815 iis
772 1789 876 1828 quae
921 1777 1019 1816 sunt
1063 1776 1176 1816 culta
1217 1776 1402 1816 meliora.

56 1831 198 1872 eadem
238 1832 287 1872 de
325 1846 449 1873 causa
481 1835 580 1874 sunt
612 1848 716 1888 quae
746 1848 834 1875 non
865 1837 1045 1888 possunt
1075 1837 1213 1875 vivere
1243 1836 1327 1875 nisi
1357 1837 1403 1875 in

3 1891 148 1932 301000
187 1905 345 1946 aquoso
385 1894 457 1933 aut
494 1895 619 1934 etiam
658 1907 782 1947 aqua,
824 1895 864 1934 et
895 1893 937 1934 id
970 1893 1289 1934 discriminatim
1321 1892 1402 1947 [ut]

56 1950 138 1990 alia
175 1953 222 1991 in
261 1950 451 2005 lacubus,
495 1954 543 1992 ut
582 1952 891 2005 <h>arundines
928 1955 973 1994 in
1005 1952 1202 2006 Reatino,
1246 1954 1329 1994 alia
1358 1955 1403 1994 in

56 2008 318 2063 fluminibus,
359 2013 407 2051 ut
436 2013 482 2052 in
513 2010 644 2066 Epiro
677 2011 844 2053 arbores
878 2013 980 2065 alni,
1013 2013 1095 2053 alia
1124 2015 1170 2053 in
1201 2015 1322 2065 mari,
1356 2015 1403 2053 ut

174 2179 191 2206 1
217 2173 283 2208 dez.
310 2174 501 2209 Iucundus
524 2175 537 2219 ΙΙ
561 2181 580 2208 3
614 2174 765 2219 aliquod
790 2176 802 2219 Π
826 2182 859 2209 11
892 2177 1093 2219 sequuntur
1124 2187 1197 2211 mv.
1249 2187 1401 2220 sequan-

58 2220 117 2252 tur
149 2220 154 2262 1
188 2219 290 2256 del.v
319 2222 330 2265 ΙΙ
361 2227 398 2255 24
423 2221 691 2266 Elephantinen
719 2223 886 2268 Sylburq.
928 2222 1198 2267 elephantinem
1217 2224 1228 2267 ΙΙ
1247 2230 1286 2257 26
1316 2223 1402 2257 vitis

59 2277 103 2301 ex
126 2267 252 2302 Plinio
275 2268 370 2303 Keil.
421 2269 515 2303 uites
538 2270 542 2315 1
565 2281 733 2313 zmyrnae
759 2271 918 2314 (zmurne
943 2271 1017 2306 cod.
1039 2271 1141 2313 Par.)
1161 2272 1172 2313 ΙΙ
1192 2277 1230 2304 26
1256 2282 1309 2314 sq.
1336 2271 1401 2305 del.

61 2313 147 2348 Keil
164 2314 176 2358 ΙΙ
195 2320 233 2348 28
258 2314 297 2348 in
321 2315 379 2349 his
405 2315 457 2360 (in
482 2316 528 2350 iis
554 2318 765 2362 apoyrapha
791 2318 985 2363 nonnulla)
1006 2319 1017 2362 ΙΙ
1036 2318 1167 2363 Boudel.
1195 2317 1286 2352 Keil
1300 2319 1311 2361 11
