<?xml version="1.0" encoding="UTF-8"?>
<!DOCTYPE html PUBLIC "-//W3C//DTD XHTML 1.0 Transitional//EN"
    "http://www.w3.org/TR/xhtml1/DTD/xhtml1-transitional.dtd">
<html xmlns="http://www.w3.org/1999/xhtml" xml:lang="en" lang="en">
 <head>
  <title>
</title>
<meta http-equiv="Content-Type" content="text/html;charset=utf-8" />
  <meta name='ocr-system' content='tesseract 3.04.00' />
  <meta name='ocr-capabilities' content='ocr_page ocr_carea ocr_par ocr_line ocrx_word'/>
</head>
<body>
  <div class='ocr_page' id='page_1' title='image "./rerumrusticaruml00varruoft_0152.png"; bbox 0 0 1555 2527; ppageno 0'>
   <div class='ocr_carea' id='block_1_1' title="bbox 131 78 926 120">
    <p class='ocr_par' dir='ltr' id='par_1_1' title="bbox 131 78 926 120">
     <span class='ocr_line' id='line_1_1' title="bbox 131 78 926 120; baseline -0.008 0"><span class='ocrx_word' id='word_1_1' title='bbox 131 78 213 120; x_wconf 86' lang='lat'>130</span> <span class='ocrx_word' id='word_1_2' title='bbox 685 79 926 115; x_wconf 74' lang='lat' dir='ltr'><strong>VARROMS</strong></span> 
     </span>
    </p>
   </div>
   <div class='ocr_carea' id='block_1_2' title="bbox 50 178 1540 2201">
    <p class='ocr_par' dir='ltr' id='par_1_2' title="bbox 86 178 1533 590">
     <span class='ocr_line' id='line_1_2' title="bbox 86 178 1479 234; baseline 0.001 -16"><span class='ocrx_word' id='word_1_3' title='bbox 86 179 107 219; x_wconf 86' lang='lat'><strong>7</strong></span> <span class='ocrx_word' id='word_1_4' title='bbox 126 180 278 232; x_wconf 89' lang='lat' dir='ltr'>ceptae.</span> <span class='ocrx_word' id='word_1_5' title='bbox 330 192 434 232; x_wconf 92' lang='lat' dir='ltr'>quos</span> <span class='ocrx_word' id='word_1_6' title='bbox 468 178 714 219; x_wconf 86' lang='lat' dir='ltr'>columbarii</span> <span class='ocrx_word' id='word_1_7' title='bbox 741 178 971 219; x_wconf 87' lang='lat' dir='ltr'>interficere</span> <span class='ocrx_word' id='word_1_8' title='bbox 999 180 1135 220; x_wconf 86' lang='lat' dir='ltr'>solent</span> <span class='ocrx_word' id='word_1_9' title='bbox 1162 179 1323 220; x_wconf 89' lang='lat' dir='ltr'>duabus</span> <span class='ocrx_word' id='word_1_10' title='bbox 1349 181 1479 234; x_wconf 79' lang='lat' dir='ltr'>virgis</span> 
     </span>
     <span class='ocr_line' id='line_1_3' title="bbox 124 237 1482 292; baseline 0.001 -14"><span class='ocrx_word' id='word_1_11' title='bbox 124 239 293 279; x_wconf 87' lang='lat' dir='ltr'>viscatis</span> <span class='ocrx_word' id='word_1_12' title='bbox 339 237 498 278; x_wconf 88' lang='lat' dir='ltr'>defictis</span> <span class='ocrx_word' id='word_1_13' title='bbox 543 240 588 278; x_wconf 92' lang='lat' dir='ltr'>in</span> <span class='ocrx_word' id='word_1_14' title='bbox 625 240 735 278; x_wconf 88' lang='lat' dir='ltr'>terra</span> <span class='ocrx_word' id='word_1_15' title='bbox 772 241 882 279; x_wconf 80' lang='lat' dir='ltr'>inter</span> <span class='ocrx_word' id='word_1_16' title='bbox 921 253 962 279; x_wconf 90' lang='lat' dir='ltr'>se</span> <span class='ocrx_word' id='word_1_17' title='bbox 995 242 1194 292; x_wconf 82' lang='lat' dir='ltr'>curvatis,</span> <span class='ocrx_word' id='word_1_18' title='bbox 1240 253 1334 280; x_wconf 89' lang='lat' dir='ltr'>cum</span> <span class='ocrx_word' id='word_1_19' title='bbox 1371 241 1482 280; x_wconf 89' lang='lat' dir='ltr'>inter</span> 
     </span>
     <span class='ocr_line' id='line_1_4' title="bbox 125 297 1481 352; baseline 0.001 -14"><span class='ocrx_word' id='word_1_20' title='bbox 125 311 191 338; x_wconf 89' lang='lat' dir='ltr'>eas</span> <span class='ocrx_word' id='word_1_21' title='bbox 229 299 448 352; x_wconf 77' lang='lat' dir='ltr'>posuerint</span> <span class='ocrx_word' id='word_1_22' title='bbox 487 297 722 352; x_wconf 88' lang='lat' dir='ltr'>obligatum</span> <span class='ocrx_word' id='word_1_23' title='bbox 761 299 933 351; x_wconf 87' lang='lat' dir='ltr'>animal,</span> <span class='ocrx_word' id='word_1_24' title='bbox 997 298 1109 352; x_wconf 89' lang='lat' dir='ltr'>quod</span> <span class='ocrx_word' id='word_1_25' title='bbox 1161 297 1297 352; x_wconf 88' lang='lat' dir='ltr'>[item]</span> <span class='ocrx_word' id='word_1_26' title='bbox 1341 300 1481 352; x_wconf 90' lang='lat' dir='ltr'>petere</span> 
     </span>
     <span class='ocr_line' id='line_1_5' title="bbox 125 357 1480 412; baseline 0.001 -14"><span class='ocrx_word' id='word_1_27' title='bbox 125 357 287 398; x_wconf 75' lang='lat' dir='ltr'>soleant</span> <span class='ocrx_word' id='word_1_28' title='bbox 334 359 569 411; x_wconf 70' lang='lat' dir='ltr'>accipitres,</span> <span class='ocrx_word' id='word_1_29' title='bbox 620 360 692 411; x_wconf 90' lang='lat' dir='ltr'>qui</span> <span class='ocrx_word' id='word_1_30' title='bbox 736 360 795 397; x_wconf 86' lang='lat' dir='ltr'>ita</span> <span class='ocrx_word' id='word_1_31' title='bbox 840 357 1121 412; x_wconf 88' lang='lat' dir='ltr'>decipiuntur,</span> <span class='ocrx_word' id='word_1_32' title='bbox 1173 373 1267 399; x_wconf 91' lang='lat' dir='ltr'>cum</span> <span class='ocrx_word' id='word_1_33' title='bbox 1318 372 1360 399; x_wconf 89' lang='lat' dir='ltr'>se</span> <span class='ocrx_word' id='word_1_34' title='bbox 1410 358 1480 399; x_wconf 92' lang='lat' dir='ltr'>ob-</span> 
     </span>
     <span class='ocr_line' id='line_1_6' title="bbox 124 416 1533 459; baseline 0.001 -2"><span class='ocrx_word' id='word_1_35' title='bbox 124 417 314 457; x_wconf 88' lang='lat' dir='ltr'>leverunt</span> <span class='ocrx_word' id='word_1_36' title='bbox 351 419 477 457; x_wconf 86' lang='lat' dir='ltr'>visco.</span> <span class='ocrx_word' id='word_1_37' title='bbox 541 416 755 458; x_wconf 87' lang='lat' dir='ltr'>columbas</span> <span class='ocrx_word' id='word_1_38' title='bbox 795 416 926 457; x_wconf 88' lang='lat' dir='ltr'>redire</span> <span class='ocrx_word' id='word_1_39' title='bbox 962 418 1093 458; x_wconf 85' lang='lat' dir='ltr'>solere</span> <span class='ocrx_word' id='word_1_40' title='bbox 1126 417 1177 458; x_wconf 89' lang='lat' dir='ltr'>ad</span> <span class='ocrx_word' id='word_1_41' title='bbox 1209 418 1349 459; x_wconf 91' lang='lat' dir='ltr'>locum</span> <span class='ocrx_word' id='word_1_42' title='bbox 1380 418 1480 458; x_wconf 88' lang='lat' dir='ltr'>licet</span> <span class='ocrx_word' id='word_1_43' title='bbox 1517 433 1533 458; x_wconf 84' lang='lat'><strong>5</strong></span> 
     </span>
     <span class='ocr_line' id='line_1_7' title="bbox 124 476 1478 530; baseline 0.001 -13"><span class='ocrx_word' id='word_1_44' title='bbox 124 476 468 529; x_wconf 85' lang='lat' dir='ltr'>animadvertere,</span> <span class='ocrx_word' id='word_1_45' title='bbox 510 476 622 530; x_wconf 89' lang='lat' dir='ltr'>quod</span> <span class='ocrx_word' id='word_1_46' title='bbox 665 477 789 516; x_wconf 91' lang='lat' dir='ltr'>multi</span> <span class='ocrx_word' id='word_1_47' title='bbox 833 479 879 517; x_wconf 91' lang='lat' dir='ltr'>in</span> <span class='ocrx_word' id='word_1_48' title='bbox 922 476 1085 518; x_wconf 88' lang='lat' dir='ltr'>theatro</span> <span class='ocrx_word' id='word_1_49' title='bbox 1131 492 1150 518; x_wconf 93' lang='lat' dir='ltr'>e</span> <span class='ocrx_word' id='word_1_50' title='bbox 1196 480 1291 518; x_wconf 88' lang='lat' dir='ltr'>sinu</span> <span class='ocrx_word' id='word_1_51' title='bbox 1328 479 1478 518; x_wconf 82' lang='lat' dir='ltr'>missas</span> 
     </span>
     <span class='ocr_line' id='line_1_8' title="bbox 123 535 1479 590; baseline 0.001 -14"><span class='ocrx_word' id='word_1_52' title='bbox 123 536 300 589; x_wconf 89' lang='lat' dir='ltr'>faciunt,</span> <span class='ocrx_word' id='word_1_53' title='bbox 333 538 457 590; x_wconf 84' lang='lat' dir='ltr'>atque</span> <span class='ocrx_word' id='word_1_54' title='bbox 490 536 541 576; x_wconf 91' lang='lat' dir='ltr'>ad</span> <span class='ocrx_word' id='word_1_55' title='bbox 572 537 713 576; x_wconf 88' lang='lat' dir='ltr'>locum</span> <span class='ocrx_word' id='word_1_56' title='bbox 745 535 936 589; x_wconf 86' lang='lat' dir='ltr'>redeunt,</span> <span class='ocrx_word' id='word_1_57' title='bbox 979 550 1083 590; x_wconf 79' lang='lat' dir='ltr'>qua-e</span> <span class='ocrx_word' id='word_1_58' title='bbox 1114 539 1198 577; x_wconf 88' lang='lat' dir='ltr'>nisi</span> <span class='ocrx_word' id='word_1_59' title='bbox 1229 538 1479 578; x_wconf 85' lang='lat' dir='ltr'>reverteren-</span> 
     </span>
    </p>

    <p class='ocr_par' dir='ltr' id='par_1_3' title="bbox 82 595 1532 948">
     <span class='ocr_line' id='line_1_9' title="bbox 82 595 1478 650; baseline 0.001 -14"><span class='ocrx_word' id='word_1_60' title='bbox 82 596 202 649; x_wconf 85' lang='lat' dir='ltr'>8tur,</span> <span class='ocrx_word' id='word_1_61' title='bbox 233 610 321 637; x_wconf 89' lang='lat' dir='ltr'>non</span> <span class='ocrx_word' id='word_1_62' title='bbox 354 598 653 636; x_wconf 85' lang='lat' dir='ltr'>emitterentur.</span> <span class='ocrx_word' id='word_1_63' title='bbox 704 595 820 636; x_wconf 89' lang='lat' dir='ltr'>cibus</span> <span class='ocrx_word' id='word_1_64' title='bbox 855 598 1083 649; x_wconf 88' lang='lat' dir='ltr'>apponitur</span> <span class='ocrx_word' id='word_1_65' title='bbox 1115 599 1270 637; x_wconf 86' lang='lat' dir='ltr'>circum</span> <span class='ocrx_word' id='word_1_66' title='bbox 1298 598 1478 650; x_wconf 88' lang='lat' dir='ltr'>parietes</span> 
     </span>
     <span class='ocr_line' id='line_1_10' title="bbox 121 655 1477 710; baseline 0.001 -15"><span class='ocrx_word' id='word_1_67' title='bbox 121 658 167 696; x_wconf 92' lang='lat' dir='ltr'>in</span> <span class='ocrx_word' id='word_1_68' title='bbox 211 655 444 708; x_wconf 87' lang='lat' dir='ltr'>canalibus,</span> <span class='ocrx_word' id='word_1_69' title='bbox 490 669 593 709; x_wconf 90' lang='lat' dir='ltr'>quas</span> <span class='ocrx_word' id='word_1_70' title='bbox 640 657 896 695; x_wconf 84' lang='lat' dir='ltr'>extrinsecus</span> <span class='ocrx_word' id='word_1_71' title='bbox 940 669 1014 709; x_wconf 91' lang='lat' dir='ltr'>per</span> <span class='ocrx_word' id='word_1_72' title='bbox 1057 655 1220 696; x_wconf 89' lang='lat' dir='ltr'>fistulas</span> <span class='ocrx_word' id='word_1_73' title='bbox 1267 656 1477 710; x_wconf 87' lang='lat' dir='ltr'>supplent.</span> 
     </span>
     <span class='ocr_line' id='line_1_11' title="bbox 122 714 1532 769; baseline 0.001 -14"><span class='ocrx_word' id='word_1_74' title='bbox 122 715 382 755; x_wconf 89' lang='lat' dir='ltr'>delectantur</span> <span class='ocrx_word' id='word_1_75' title='bbox 413 715 548 768; x_wconf 89' lang='lat' dir='ltr'>milio,</span> <span class='ocrx_word' id='word_1_76' title='bbox 594 717 752 768; x_wconf 76' lang='lat' dir='ltr'>tritico,</span> <span class='ocrx_word' id='word_1_77' title='bbox 790 714 965 768; x_wconf 87' lang='lat' dir='ltr'>hordeo,</span> <span class='ocrx_word' id='word_1_78' title='bbox 1002 718 1114 769; x_wconf 90' lang='lat' dir='ltr'>piso,</span> <span class='ocrx_word' id='word_1_79' title='bbox 1152 715 1331 769; x_wconf 87' lang='lat' dir='ltr'>fasiolis,</span> <span class='ocrx_word' id='word_1_80' title='bbox 1368 730 1477 757; x_wconf 86' lang='lat' dir='ltr'>ervo.</span> <span class='ocrx_word' id='word_1_81' title='bbox 1499 731 1532 756; x_wconf 86' lang='grc' dir='ltr'>ιο</span> 
     </span>
     <span class='ocr_line' id='line_1_12' title="bbox 120 774 1479 829; baseline 0.001 -14"><span class='ocrx_word' id='word_1_82' title='bbox 120 777 222 815; x_wconf 88' lang='lat' dir='ltr'>item</span> <span class='ocrx_word' id='word_1_83' title='bbox 253 775 337 815; x_wconf 89' lang='lat' dir='ltr'>fere</span> <span class='ocrx_word' id='word_1_84' title='bbox 368 775 480 828; x_wconf 89' lang='lat' dir='ltr'>haec,</span> <span class='ocrx_word' id='word_1_85' title='bbox 512 777 558 815; x_wconf 84' lang='lat' dir='ltr'>in</span> <span class='ocrx_word' id='word_1_86' title='bbox 589 774 776 814; x_wconf 90' lang='lat' dir='ltr'>turribus</span> <span class='ocrx_word' id='word_1_87' title='bbox 809 788 855 815; x_wconf 86' lang='lat' dir='ltr'>ac</span> <span class='ocrx_word' id='word_1_88' title='bbox 885 777 1058 816; x_wconf 88' lang='lat' dir='ltr'>summis</span> <span class='ocrx_word' id='word_1_89' title='bbox 1085 775 1198 815; x_wconf 88' lang='lat' dir='ltr'>villis</span> <span class='ocrx_word' id='word_1_90' title='bbox 1225 778 1298 829; x_wconf 89' lang='lat' dir='ltr'>qui</span> <span class='ocrx_word' id='word_1_91' title='bbox 1322 775 1479 816; x_wconf 87' lang='lat' dir='ltr'>habent</span> 
     </span>
     <span class='ocr_line' id='line_1_13' title="bbox 121 833 1478 888; baseline 0.001 -14"><span class='ocrx_word' id='word_1_92' title='bbox 121 836 306 888; x_wconf 72' lang='lat' dir='ltr'>agrestes</span> <span class='ocrx_word' id='word_1_93' title='bbox 340 834 567 887; x_wconf 89' lang='lat' dir='ltr'>columbas,</span> <span class='ocrx_word' id='word_1_94' title='bbox 601 833 738 888; x_wconf 88' lang='lat' dir='ltr'>quaad</span> <span class='ocrx_word' id='word_1_95' title='bbox 765 836 957 887; x_wconf 84' lang='lat' dir='ltr'>possunt,</span> <span class='ocrx_word' id='word_1_96' title='bbox 989 833 1253 875; x_wconf 83' lang='lat' dir='ltr'>imitandum.</span> <span class='ocrx_word' id='word_1_97' title='bbox 1302 837 1348 875; x_wconf 89' lang='lat' dir='ltr'>in</span> <span class='ocrx_word' id='word_1_98' title='bbox 1372 837 1478 888; x_wconf 87' lang='lat' dir='ltr'>peri-</span> 
     </span>
     <span class='ocr_line' id='line_1_14' title="bbox 122 893 1479 948; baseline 0.001 -14"><span class='ocrx_word' id='word_1_99' title='bbox 122 897 308 934; x_wconf 88' lang='lat' dir='ltr'>steronas</span> <span class='ocrx_word' id='word_1_100' title='bbox 351 896 485 934; x_wconf 87' lang='lat' dir='ltr'>aetate</span> <span class='ocrx_word' id='word_1_101' title='bbox 529 894 640 935; x_wconf 90' lang='lat' dir='ltr'>bona</span> <span class='ocrx_word' id='word_1_102' title='bbox 685 893 937 947; x_wconf 87' lang='lat' dir='ltr'>parandum,</span> <span class='ocrx_word' id='word_1_103' title='bbox 980 907 1117 948; x_wconf 90' lang='lat' dir='ltr'>neque</span> <span class='ocrx_word' id='word_1_104' title='bbox 1158 894 1300 948; x_wconf 88' lang='lat' dir='ltr'>pullos</span> <span class='ocrx_word' id='word_1_105' title='bbox 1342 908 1479 948; x_wconf 87' lang='lat' dir='ltr'>neque</span> 
     </span>
    </p>

    <p class='ocr_par' dir='ltr' id='par_1_4' title="bbox 80 953 1540 1544">
     <span class='ocr_line' id='line_1_15' title="bbox 80 953 1477 1007; baseline 0 -13"><span class='ocrx_word' id='word_1_106' title='bbox 80 954 298 1006; x_wconf 83' lang='lat' dir='ltr'>9vetulas,</span> <span class='ocrx_word' id='word_1_107' title='bbox 343 953 519 994; x_wconf 87' lang='lat' dir='ltr'>totidem</span> <span class='ocrx_word' id='word_1_108' title='bbox 556 968 689 994; x_wconf 86' lang='lat' dir='ltr'>mares</span> <span class='ocrx_word' id='word_1_109' title='bbox 729 955 834 1007; x_wconf 91' lang='lat' dir='ltr'>quot</span> <span class='ocrx_word' id='word_1_110' title='bbox 873 953 1062 995; x_wconf 86' lang='lat' dir='ltr'>feminas.</span> <span class='ocrx_word' id='word_1_111' title='bbox 1124 953 1233 994; x_wconf 84' lang='lat' dir='ltr'>nihil</span> <span class='ocrx_word' id='word_1_112' title='bbox 1272 953 1477 995; x_wconf 90' lang='lat' dir='ltr'>columbis</span> 
     </span>
     <span class='ocr_line' id='line_1_16' title="bbox 119 1012 1540 1067; baseline 0.001 -14"><span class='ocrx_word' id='word_1_113' title='bbox 119 1013 350 1054; x_wconf 87' lang='lat' dir='ltr'>fecundius.</span> <span class='ocrx_word' id='word_1_114' title='bbox 411 1016 553 1067; x_wconf 86' lang='lat' dir='ltr'>itaque</span> <span class='ocrx_word' id='word_1_115' title='bbox 589 1013 734 1053; x_wconf 88' lang='lat' dir='ltr'>diebus</span> <span class='ocrx_word' id='word_1_116' title='bbox 767 1012 1045 1067; x_wconf 83' lang='lat' dir='ltr'>quadragenis</span> <span class='ocrx_word' id='word_1_117' title='bbox 1079 1015 1264 1067; x_wconf 86' lang='lat' dir='ltr'>concipit</span> <span class='ocrx_word' id='word_1_118' title='bbox 1296 1015 1337 1054; x_wconf 91' lang='lat' dir='ltr'>et</span> <span class='ocrx_word' id='word_1_119' title='bbox 1366 1015 1479 1067; x_wconf 89' lang='lat' dir='ltr'>parit</span> <span class='ocrx_word' id='word_1_120' title='bbox 1498 1027 1540 1066; x_wconf 19' lang='lat'>15-</span> 
     </span>
     <span class='ocr_line' id='line_1_17' title="bbox 120 1072 1478 1114; baseline 0.001 -1"><span class='ocrx_word' id='word_1_121' title='bbox 120 1075 160 1113; x_wconf 91' lang='lat' dir='ltr'>et</span> <span class='ocrx_word' id='word_1_122' title='bbox 203 1072 376 1113; x_wconf 89' lang='lat' dir='ltr'>incubat</span> <span class='ocrx_word' id='word_1_123' title='bbox 420 1075 460 1113; x_wconf 89' lang='lat' dir='ltr'>et</span> <span class='ocrx_word' id='word_1_124' title='bbox 504 1072 663 1113; x_wconf 84' lang='lat' dir='ltr'>educat.</span> <span class='ocrx_word' id='word_1_125' title='bbox 726 1075 766 1113; x_wconf 91' lang='lat' dir='ltr'>et</span> <span class='ocrx_word' id='word_1_126' title='bbox 809 1072 889 1114; x_wconf 91' lang='lat' dir='ltr'>hoc</span> <span class='ocrx_word' id='word_1_127' title='bbox 925 1073 1009 1113; x_wconf 89' lang='lat' dir='ltr'>fere</span> <span class='ocrx_word' id='word_1_128' title='bbox 1046 1075 1186 1114; x_wconf 86' lang='lat' dir='ltr'>totum</span> <span class='ocrx_word' id='word_1_129' title='bbox 1223 1087 1382 1114; x_wconf 87' lang='lat' dir='ltr'>annum</span> <span class='ocrx_word' id='word_1_130' title='bbox 1419 1072 1478 1114; x_wconf 88' lang='lat' dir='ltr'>fa-</span> 
     </span>
     <span class='ocr_line' id='line_1_18' title="bbox 120 1132 1478 1174; baseline 0.001 -2"><span class='ocrx_word' id='word_1_131' title='bbox 120 1135 253 1173; x_wconf 86' lang='lat' dir='ltr'>ciunt:</span> <span class='ocrx_word' id='word_1_132' title='bbox 303 1132 597 1174; x_wconf 87' lang='lat' dir='ltr'>tantummodo</span> <span class='ocrx_word' id='word_1_133' title='bbox 640 1132 913 1173; x_wconf 87' lang='lat' dir='ltr'>intervallum</span> <span class='ocrx_word' id='word_1_134' title='bbox 956 1133 1118 1173; x_wconf 84' lang='lat' dir='ltr'>faciunt</span> <span class='ocrx_word' id='word_1_135' title='bbox 1161 1147 1185 1173; x_wconf 86' lang='lat' dir='ltr'>a</span> <span class='ocrx_word' id='word_1_136' title='bbox 1233 1132 1383 1173; x_wconf 84' lang='lat' dir='ltr'>bruma</span> <span class='ocrx_word' id='word_1_137' title='bbox 1425 1132 1478 1173; x_wconf 84' lang='lat' dir='ltr'>ad</span> 
     </span>
     <span class='ocr_line' id='line_1_19' title="bbox 119 1192 1477 1246; baseline 0 -14"><span class='ocrx_word' id='word_1_138' title='bbox 119 1194 432 1246; x_wconf 85' lang='lat' dir='ltr'>aequinoctium</span> <span class='ocrx_word' id='word_1_139' title='bbox 463 1207 650 1233; x_wconf 84' lang='lat' dir='ltr'>vernum.</span> <span class='ocrx_word' id='word_1_140' title='bbox 711 1192 820 1246; x_wconf 88' lang='lat' dir='ltr'>pulli</span> <span class='ocrx_word' id='word_1_141' title='bbox 850 1194 1083 1232; x_wconf 87' lang='lat' dir='ltr'>nascuntur</span> <span class='ocrx_word' id='word_1_142' title='bbox 1113 1192 1215 1245; x_wconf 80' lang='lat' dir='ltr'>bini,</span> <span class='ocrx_word' id='word_1_143' title='bbox 1248 1195 1320 1246; x_wconf 86' lang='lat' dir='ltr'>qui</span> <span class='ocrx_word' id='word_1_144' title='bbox 1352 1194 1477 1233; x_wconf 79' lang='lat' dir='ltr'>simu·</span> 
     </span>
     <span class='ocr_line' id='line_1_20' title="bbox 120 1251 1476 1306; baseline 0.001 -14"><span class='ocrx_word' id='word_1_145' title='bbox 120 1253 183 1292; x_wconf 88' lang='lat' dir='ltr'>lac</span> <span class='ocrx_word' id='word_1_146' title='bbox 222 1254 442 1292; x_wconf 80' lang='lat' dir='ltr'>creverunt</span> <span class='ocrx_word' id='word_1_147' title='bbox 481 1254 521 1292; x_wconf 91' lang='lat' dir='ltr'>et</span> <span class='ocrx_word' id='word_1_148' title='bbox 552 1251 710 1292; x_wconf 87' lang='lat' dir='ltr'>habent</span> <span class='ocrx_word' id='word_1_149' title='bbox 741 1251 884 1305; x_wconf 90' lang='lat' dir='ltr'>robor,</span> <span class='ocrx_word' id='word_1_150' title='bbox 930 1266 1025 1292; x_wconf 87' lang='lat' dir='ltr'>cum</span> <span class='ocrx_word' id='word_1_151' title='bbox 1055 1251 1260 1292; x_wconf 88' lang='lat' dir='ltr'>matribus</span> <span class='ocrx_word' id='word_1_152' title='bbox 1292 1253 1476 1306; x_wconf 86' lang='lat' dir='ltr'>pariunt.</span> 
     </span>
     <span class='ocr_line' id='line_1_21' title="bbox 119 1311 1530 1366; baseline 0 -15"><span class='ocrx_word' id='word_1_153' title='bbox 119 1314 192 1365; x_wconf 88' lang='lat' dir='ltr'>qui</span> <span class='ocrx_word' id='word_1_154' title='bbox 225 1312 362 1352; x_wconf 88' lang='lat' dir='ltr'>solent</span> <span class='ocrx_word' id='word_1_155' title='bbox 394 1315 586 1366; x_wconf 87' lang='lat' dir='ltr'>saginare</span> <span class='ocrx_word' id='word_1_156' title='bbox 617 1312 758 1365; x_wconf 89' lang='lat' dir='ltr'>pullos</span> <span class='ocrx_word' id='word_1_157' title='bbox 792 1311 1068 1365; x_wconf 85' lang='lat' dir='ltr'>columbinos,</span> <span class='ocrx_word' id='word_1_158' title='bbox 1101 1325 1183 1366; x_wconf 91' lang='lat' dir='ltr'>quo</span> <span class='ocrx_word' id='word_1_159' title='bbox 1214 1312 1349 1365; x_wconf 86' lang='lat' dir='ltr'>pluris</span> <span class='ocrx_word' id='word_1_160' title='bbox 1380 1325 1477 1352; x_wconf 86' lang='lat' dir='ltr'>ven·</span> <span class='ocrx_word' id='word_1_161' title='bbox 1497 1325 1530 1351; x_wconf 87' lang='grc' dir='ltr'>2ο</span> 
     </span>
     <span class='ocr_line' id='line_1_22' title="bbox 120 1370 1476 1425; baseline 0 -14"><span class='ocrx_word' id='word_1_162' title='bbox 120 1371 231 1424; x_wconf 85' lang='lat' dir='ltr'>dant,</span> <span class='ocrx_word' id='word_1_163' title='bbox 265 1371 486 1412; x_wconf 89' lang='lat' dir='ltr'>secludunt</span> <span class='ocrx_word' id='word_1_164' title='bbox 518 1385 600 1424; x_wconf 91' lang='lat' dir='ltr'>eos,</span> <span class='ocrx_word' id='word_1_165' title='bbox 633 1385 728 1412; x_wconf 86' lang='lat' dir='ltr'>cum</span> <span class='ocrx_word' id='word_1_166' title='bbox 758 1374 843 1412; x_wconf 85' lang='lat' dir='ltr'>iam</span> <span class='ocrx_word' id='word_1_167' title='bbox 871 1372 1017 1425; x_wconf 90' lang='lat' dir='ltr'>pluma</span> <span class='ocrx_word' id='word_1_168' title='bbox 1044 1373 1143 1412; x_wconf 89' lang='lat' dir='ltr'>sunt</span> <span class='ocrx_word' id='word_1_169' title='bbox 1168 1373 1279 1412; x_wconf 89' lang='lat' dir='ltr'>tecti.</span> <span class='ocrx_word' id='word_1_170' title='bbox 1329 1370 1476 1412; x_wconf 87' lang='lat' dir='ltr'>deinde</span> 
     </span>
     <span class='ocr_line' id='line_1_23' title="bbox 118 1430 1476 1484; baseline 0 -13"><span class='ocrx_word' id='word_1_171' title='bbox 118 1430 368 1471; x_wconf 85' lang='lat' dir='ltr'>manducato</span> <span class='ocrx_word' id='word_1_172' title='bbox 408 1430 584 1472; x_wconf 85' lang='lat' dir='ltr'>candido</span> <span class='ocrx_word' id='word_1_173' title='bbox 622 1431 805 1471; x_wconf 86' lang='lat' dir='ltr'>farciunt</span> <span class='ocrx_word' id='word_1_174' title='bbox 841 1445 967 1484; x_wconf 85' lang='lat' dir='ltr'>pane:</span> <span class='ocrx_word' id='word_1_175' title='bbox 1010 1431 1145 1471; x_wconf 83' lang='lat' dir='ltr'>hieme</span> <span class='ocrx_word' id='word_1_176' title='bbox 1176 1430 1256 1472; x_wconf 90' lang='lat' dir='ltr'>hoc</span> <span class='ocrx_word' id='word_1_177' title='bbox 1286 1430 1370 1484; x_wconf 89' lang='lat' dir='ltr'>bis,</span> <span class='ocrx_word' id='word_1_178' title='bbox 1413 1444 1476 1471; x_wconf 86' lang='lat' dir='ltr'>ae-</span> 
     </span>
     <span class='ocr_line' id='line_1_24' title="bbox 119 1489 1476 1544; baseline 0.001 -14"><span class='ocrx_word' id='word_1_179' title='bbox 119 1492 225 1531; x_wconf 90' lang='lat' dir='ltr'>state</span> <span class='ocrx_word' id='word_1_180' title='bbox 263 1493 342 1544; x_wconf 88' lang='lat' dir='ltr'>ter,</span> <span class='ocrx_word' id='word_1_181' title='bbox 386 1505 507 1531; x_wconf 88' lang='lat' dir='ltr'>mane</span> <span class='ocrx_word' id='word_1_182' title='bbox 539 1490 710 1531; x_wconf 89' lang='lat' dir='ltr'>meridie</span> <span class='ocrx_word' id='word_1_183' title='bbox 742 1493 921 1544; x_wconf 82' lang='lat' dir='ltr'>vesperi:</span> <span class='ocrx_word' id='word_1_184' title='bbox 964 1491 1101 1531; x_wconf 87' lang='lat' dir='ltr'>hieme</span> <span class='ocrx_word' id='word_1_185' title='bbox 1132 1490 1305 1531; x_wconf 85' lang='lat' dir='ltr'>demunt</span> <span class='ocrx_word' id='word_1_186' title='bbox 1336 1489 1476 1531; x_wconf 80' lang='lat' dir='ltr'>cibum</span> 
     </span>
    </p>

    <p class='ocr_par' dir='ltr' id='par_1_5' title="bbox 50 1549 1529 2081">
     <span class='ocr_line' id='line_1_25' title="bbox 50 1549 1476 1604; baseline 0 -14"><span class='ocrx_word' id='word_1_187' title='bbox 50 1549 104 1591; x_wconf 91' lang='grc'>10</span> <span class='ocrx_word' id='word_1_188' title='bbox 118 1549 312 1591; x_wconf 88' lang='lat' dir='ltr'>medium.</span> <span class='ocrx_word' id='word_1_189' title='bbox 382 1553 454 1603; x_wconf 92' lang='lat' dir='ltr'>qui</span> <span class='ocrx_word' id='word_1_190' title='bbox 491 1553 576 1590; x_wconf 85' lang='lat' dir='ltr'>iam</span> <span class='ocrx_word' id='word_1_191' title='bbox 612 1553 765 1604; x_wconf 87' lang='lat' dir='ltr'>pinnas</span> <span class='ocrx_word' id='word_1_192' title='bbox 803 1552 1015 1604; x_wconf 88' lang='lat' dir='ltr'>incipiunt</span> <span class='ocrx_word' id='word_1_193' title='bbox 1052 1549 1221 1603; x_wconf 89' lang='lat' dir='ltr'>habere,</span> <span class='ocrx_word' id='word_1_194' title='bbox 1265 1549 1476 1591; x_wconf 80' lang='lat' dir='ltr'>relincunt</span> 
     </span>
     <span class='ocr_line' id='line_1_26' title="bbox 117 1608 1529 1663; baseline -0.001 -13"><span class='ocrx_word' id='word_1_195' title='bbox 117 1612 163 1650; x_wconf 89' lang='lat' dir='ltr'>in</span> <span class='ocrx_word' id='word_1_196' title='bbox 199 1609 299 1650; x_wconf 85' lang='lat' dir='ltr'>nido</span> <span class='ocrx_word' id='word_1_197' title='bbox 337 1610 473 1650; x_wconf 85' lang='lat' dir='ltr'>inlisis</span> <span class='ocrx_word' id='word_1_198' title='bbox 513 1610 703 1650; x_wconf 88' lang='lat' dir='ltr'>cruribus</span> <span class='ocrx_word' id='word_1_199' title='bbox 744 1612 784 1650; x_wconf 91' lang='lat' dir='ltr'>et</span> <span class='ocrx_word' id='word_1_200' title='bbox 820 1610 1044 1663; x_wconf 87' lang='lat' dir='ltr'>matribus,</span> <span class='ocrx_word' id='word_1_201' title='bbox 1088 1609 1257 1650; x_wconf 89' lang='lat' dir='ltr'>uberius</span> <span class='ocrx_word' id='word_1_202' title='bbox 1295 1611 1344 1650; x_wconf 88' lang='lat' dir='ltr'>ut</span> <span class='ocrx_word' id='word_1_203' title='bbox 1381 1608 1474 1650; x_wconf 91' lang='lat' dir='ltr'>cibo</span> <span class='ocrx_word' id='word_1_204' title='bbox 1495 1623 1529 1649; x_wconf 81' lang='grc'>25</span> 
     </span>
     <span class='ocr_line' id='line_1_27' title="bbox 117 1669 1473 1723; baseline 0 -14"><span class='ocrx_word' id='word_1_205' title='bbox 117 1671 181 1709; x_wconf 89' lang='lat' dir='ltr'>uti</span> <span class='ocrx_word' id='word_1_206' title='bbox 212 1671 388 1723; x_wconf 84' lang='lat' dir='ltr'>possint,</span> <span class='ocrx_word' id='word_1_207' title='bbox 422 1669 622 1711; x_wconf 87' lang='lat' dir='ltr'>obiciunt.</span> <span class='ocrx_word' id='word_1_208' title='bbox 673 1684 719 1711; x_wconf 91' lang='lat' dir='ltr'>eo</span> <span class='ocrx_word' id='word_1_209' title='bbox 753 1672 865 1710; x_wconf 88' lang='lat' dir='ltr'>enim</span> <span class='ocrx_word' id='word_1_210' title='bbox 895 1671 1034 1710; x_wconf 89' lang='lat' dir='ltr'>totum</span> <span class='ocrx_word' id='word_1_211' title='bbox 1063 1669 1173 1710; x_wconf 88' lang='lat' dir='ltr'>diem</span> <span class='ocrx_word' id='word_1_212' title='bbox 1199 1683 1242 1710; x_wconf 89' lang='lat' dir='ltr'>se</span> <span class='ocrx_word' id='word_1_213' title='bbox 1268 1670 1308 1709; x_wconf 86' lang='lat' dir='ltr'>et</span> <span class='ocrx_word' id='word_1_214' title='bbox 1331 1669 1473 1723; x_wconf 86' lang='lat' dir='ltr'>pullos</span> 
     </span>
     <span class='ocr_line' id='line_1_28' title="bbox 117 1728 1475 1783; baseline -0.001 -14"><span class='ocrx_word' id='word_1_215' title='bbox 117 1731 307 1782; x_wconf 87' lang='lat' dir='ltr'>pascunt.</span> <span class='ocrx_word' id='word_1_216' title='bbox 370 1731 442 1783; x_wconf 89' lang='lat' dir='ltr'>qui</span> <span class='ocrx_word' id='word_1_217' title='bbox 479 1732 539 1769; x_wconf 87' lang='lat' dir='ltr'>ita</span> <span class='ocrx_word' id='word_1_218' title='bbox 578 1729 824 1783; x_wconf 84' lang='lat' dir='ltr'>educantur,</span> <span class='ocrx_word' id='word_1_219' title='bbox 870 1730 1043 1770; x_wconf 89' lang='lat' dir='ltr'>celerius</span> <span class='ocrx_word' id='word_1_220' title='bbox 1081 1731 1327 1783; x_wconf 88' lang='lat' dir='ltr'>pinguiores</span> <span class='ocrx_word' id='word_1_221' title='bbox 1365 1728 1475 1769; x_wconf 88' lang='lat' dir='ltr'>fiunt</span> 
     </span>
     <span class='ocr_line' id='line_1_29' title="bbox 119 1782 1473 1843; baseline 0 -15"><span class='ocrx_word' id='word_1_222' title='bbox 119 1802 244 1841; x_wconf 87' lang='lat' dir='ltr'>quam</span> <span class='ocrx_word' id='word_1_223' title='bbox 282 1789 371 1841; x_wconf 88' lang='lat' dir='ltr'>alii,</span> <span class='ocrx_word' id='word_1_224' title='bbox 417 1791 457 1829; x_wconf 88' lang='lat' dir='ltr'>et</span> <span class='ocrx_word' id='word_1_225' title='bbox 489 1782 687 1829; x_wconf 80' lang='lat' dir='ltr'>candidae</span> <span class='ocrx_word' id='word_1_226' title='bbox 719 1789 828 1830; x_wconf 89' lang='lat' dir='ltr'>fiunt</span> <span class='ocrx_word' id='word_1_227' title='bbox 858 1790 1052 1843; x_wconf 89' lang='lat' dir='ltr'>parentes</span> <span class='ocrx_word' id='word_1_228' title='bbox 1086 1803 1241 1829; x_wconf 88' lang='lat' dir='ltr'>eorum.</span> <span class='ocrx_word' id='word_1_229' title='bbox 1303 1787 1473 1841; x_wconf 87' lang='lat' dir='ltr'>Romae,</span> 
     </span>
     <span class='ocr_line' id='line_1_30' title="bbox 119 1848 1473 1903; baseline 0.001 -16"><span class='ocrx_word' id='word_1_230' title='bbox 119 1850 153 1888; x_wconf 89' lang='lat' dir='ltr'>si</span> <span class='ocrx_word' id='word_1_231' title='bbox 199 1850 297 1888; x_wconf 87' lang='lat' dir='ltr'>sunt</span> <span class='ocrx_word' id='word_1_232' title='bbox 340 1848 531 1901; x_wconf 87' lang='lat' dir='ltr'>formosi,</span> <span class='ocrx_word' id='word_1_233' title='bbox 577 1848 688 1889; x_wconf 89' lang='lat' dir='ltr'>bono</span> <span class='ocrx_word' id='word_1_234' title='bbox 731 1849 886 1902; x_wconf 87' lang='lat' dir='ltr'>colore,</span> <span class='ocrx_word' id='word_1_235' title='bbox 930 1850 1103 1903; x_wconf 87' lang='lat' dir='ltr'>integri,</span> <span class='ocrx_word' id='word_1_236' title='bbox 1147 1848 1249 1889; x_wconf 90' lang='lat' dir='ltr'>boni</span> <span class='ocrx_word' id='word_1_237' title='bbox 1291 1850 1473 1901; x_wconf 89' lang='lat' dir='ltr'>seminis,</span> 
     </span>
     <span class='ocr_line' id='line_1_31' title="bbox 117 1908 1527 1962; baseline 0 -15"><span class='ocrx_word' id='word_1_238' title='bbox 117 1910 234 1960; x_wconf 86' lang='lat' dir='ltr'>paria</span> <span class='ocrx_word' id='word_1_239' title='bbox 273 1908 441 1960; x_wconf 86' lang='lat' dir='ltr'>singula</span> <span class='ocrx_word' id='word_1_240' title='bbox 478 1909 604 1962; x_wconf 82' lang='lat' dir='ltr'>volgo</span> <span class='ocrx_word' id='word_1_241' title='bbox 643 1911 827 1949; x_wconf 81' lang='lat' dir='ltr'>veneunt</span> <span class='ocrx_word' id='word_1_242' title='bbox 862 1908 1030 1949; x_wconf 89' lang='lat' dir='ltr'>ducenis</span> <span class='ocrx_word' id='word_1_243' title='bbox 1062 1910 1247 1948; x_wconf 82' lang='lat' dir='ltr'>nummis</span> <span class='ocrx_word' id='word_1_244' title='bbox 1278 1921 1355 1948; x_wconf 89' lang='lat' dir='ltr'>nec</span> <span class='ocrx_word' id='word_1_245' title='bbox 1385 1921 1474 1948; x_wconf 88' lang='lat' dir='ltr'>non</span> <span class='ocrx_word' id='word_1_246' title='bbox 1493 1920 1527 1947; x_wconf 76' lang='lat'>30</span> 
     </span>
     <span class='ocr_line' id='line_1_32' title="bbox 119 1968 1474 2021; baseline 0.001 -15"><span class='ocrx_word' id='word_1_247' title='bbox 119 1969 269 2007; x_wconf 81' lang='lat' dir='ltr'>eximia</span> <span class='ocrx_word' id='word_1_248' title='bbox 314 1968 492 2021; x_wconf 90' lang='lat' dir='ltr'>singulis</span> <span class='ocrx_word' id='word_1_249' title='bbox 534 1968 705 2008; x_wconf 89' lang='lat' dir='ltr'>milibus</span> <span class='ocrx_word' id='word_1_250' title='bbox 747 1982 979 2009; x_wconf 88' lang='lat' dir='ltr'>nummum.</span> <span class='ocrx_word' id='word_1_251' title='bbox 1054 1981 1156 2021; x_wconf 85' lang='lat' dir='ltr'>quas</span> <span class='ocrx_word' id='word_1_252' title='bbox 1200 1981 1335 2020; x_wconf 90' lang='lat' dir='ltr'>nuper</span> <span class='ocrx_word' id='word_1_253' title='bbox 1378 1980 1474 2007; x_wconf 91' lang='lat' dir='ltr'>cum</span> 
     </span>
     <span class='ocr_line' id='line_1_33' title="bbox 118 2025 1472 2081; baseline 0.001 -16"><span class='ocrx_word' id='word_1_254' title='bbox 118 2028 322 2066; x_wconf 87' lang='lat' dir='ltr'>mercator</span> <span class='ocrx_word' id='word_1_255' title='bbox 353 2029 461 2066; x_wconf 85' lang='lat' dir='ltr'>tanti</span> <span class='ocrx_word' id='word_1_256' title='bbox 495 2041 626 2068; x_wconf 81' lang='lat' dir='ltr'>emere</span> <span class='ocrx_word' id='word_1_257' title='bbox 658 2028 784 2068; x_wconf 84' lang='lat' dir='ltr'>vellet</span> <span class='ocrx_word' id='word_1_258' title='bbox 816 2042 839 2068; x_wconf 89' lang='lat' dir='ltr'>a</span> <span class='ocrx_word' id='word_1_259' title='bbox 871 2026 916 2068; x_wconf 92' lang='lat' dir='ltr'>L.</span> <span class='ocrx_word' id='word_1_260' title='bbox 949 2026 1071 2080; x_wconf 87' lang='lat' dir='ltr'>Axio,</span> <span class='ocrx_word' id='word_1_261' title='bbox 1104 2029 1242 2081; x_wconf 88' lang='lat' dir='ltr'>equite</span> <span class='ocrx_word' id='word_1_262' title='bbox 1268 2025 1472 2079; x_wconf 81' lang='lat' dir='ltr'>Romano,</span> 
     </span>
    </p>

    <p class='ocr_par' dir='ltr' id='par_1_6' title="bbox 50 2084 1472 2201">
     <span class='ocr_line' id='line_1_34' title="bbox 50 2084 1472 2141; baseline 0.001 -16"><span class='ocrx_word' id='word_1_263' title='bbox 50 2085 99 2125; x_wconf 84' lang='lat'>11</span> <span class='ocrx_word' id='word_1_264' title='bbox 117 2088 291 2126; x_wconf 86' lang='lat' dir='ltr'>minoris</span> <span class='ocrx_word' id='word_1_265' title='bbox 320 2085 637 2140; x_wconf 88' lang='lat' dir='ltr'>quadringentis</span> <span class='ocrx_word' id='word_1_266' title='bbox 665 2087 844 2128; x_wconf 87' lang='lat' dir='ltr'>denariis</span> <span class='ocrx_word' id='word_1_267' title='bbox 873 2087 1068 2127; x_wconf 86' lang='lat' dir='ltr'>daturum</span> <span class='ocrx_word' id='word_1_268' title='bbox 1092 2088 1275 2141; x_wconf 86' lang='lat' dir='ltr'>negavit.</span> <span class='ocrx_word' id='word_1_269' title='bbox 1325 2084 1472 2138; x_wconf 77' lang='lat' dir='ltr'>Axius,</span> 
     </span>
     <span class='ocr_line' id='line_1_35' title="bbox 119 2143 1472 2201; baseline -0.001 -15"><span class='ocrx_word' id='word_1_270' title='bbox 119 2143 163 2186; x_wconf 85' lang='lat' dir='ltr'>Si</span> <span class='ocrx_word' id='word_1_271' title='bbox 195 2159 363 2198; x_wconf 89' lang='lat' dir='ltr'>possem</span> <span class='ocrx_word' id='word_1_272' title='bbox 395 2160 538 2199; x_wconf 90' lang='lat' dir='ltr'>emere,</span> <span class='ocrx_word' id='word_1_273' title='bbox 576 2149 727 2200; x_wconf 87' lang='lat' dir='ltr'>inquit,</span> <span class='ocrx_word' id='word_1_274' title='bbox 765 2148 1027 2201; x_wconf 88' lang='lat' dir='ltr'>peristerona</span> <span class='ocrx_word' id='word_1_275' title='bbox 1057 2146 1226 2198; x_wconf 88' lang='lat' dir='ltr'>factum,</span> <span class='ocrx_word' id='word_1_276' title='bbox 1265 2159 1389 2199; x_wconf 91' lang='lat' dir='ltr'>quem</span> <span class='ocrx_word' id='word_1_277' title='bbox 1421 2144 1472 2185; x_wconf 84' lang='lat' dir='ltr'>ad</span> 
     </span>
    </p>
   </div>
   <div class='ocr_carea' id='block_1_3' title="bbox 116 2284 1472 2379">
    <p class='ocr_par' dir='ltr' id='par_1_7' title="bbox 116 2284 1472 2379">
     <span class='ocr_line' id='line_1_36' title="bbox 236 2284 1472 2331; baseline 0.001 -13"><span class='ocrx_word' id='word_1_278' title='bbox 236 2291 253 2318; x_wconf 98' lang='grc'><strong>2</strong></span> <span class='ocrx_word' id='word_1_279' title='bbox 281 2284 407 2318; x_wconf 83' lang='lat' dir='ltr'>defixis</span> <span class='ocrx_word' id='word_1_280' title='bbox 433 2297 453 2320; x_wconf 87' lang='lat' dir='ltr'><em>v</em></span> <span class='ocrx_word' id='word_1_281' title='bbox 473 2287 521 2329; x_wconf 77' lang='grc'>113</span> <span class='ocrx_word' id='word_1_282' title='bbox 553 2286 618 2320; x_wconf 78' lang='lat' dir='ltr'>del.</span> <span class='ocrx_word' id='word_1_283' title='bbox 648 2286 734 2321; x_wconf 85' lang='lat' dir='ltr'>Keil</span> <span class='ocrx_word' id='word_1_284' title='bbox 752 2288 764 2331; x_wconf 75' lang='lat' dir='ltr'>ss</span> <span class='ocrx_word' id='word_1_285' title='bbox 782 2293 818 2320; x_wconf 78' lang='lat'>14</span> <span class='ocrx_word' id='word_1_286' title='bbox 851 2287 952 2330; x_wconf 88' lang='lat' dir='ltr'>quod</span> <span class='ocrx_word' id='word_1_287' title='bbox 983 2288 994 2331; x_wconf 84' lang='grc' dir='ltr'>ΙΙ</span> <span class='ocrx_word' id='word_1_288' title='bbox 1025 2292 1063 2319; x_wconf 88' lang='grc'>22</span> <span class='ocrx_word' id='word_1_289' title='bbox 1097 2285 1219 2320; x_wconf 85' lang='lat' dir='ltr'>hieme</span> <span class='ocrx_word' id='word_1_290' title='bbox 1249 2284 1372 2319; x_wconf 89' lang='lat' dir='ltr'>hieme</span> <span class='ocrx_word' id='word_1_291' title='bbox 1402 2284 1472 2319; x_wconf 87' lang='lat' dir='ltr'>hoc</span> 
     </span>
     <span class='ocr_line' id='line_1_37' title="bbox 116 2331 1146 2379; baseline 0.003 -14"><span class='ocrx_word' id='word_1_292' title='bbox 116 2331 174 2366; x_wconf 86' lang='lat' dir='ltr'>bis</span> <span class='ocrx_word' id='word_1_293' title='bbox 202 2332 344 2377; x_wconf 84' lang='lat' dir='ltr'>(hyeme</span> <span class='ocrx_word' id='word_1_294' title='bbox 370 2333 437 2366; x_wconf 84' lang='lat' dir='ltr'>hoc</span> <span class='ocrx_word' id='word_1_295' title='bbox 456 2332 515 2367; x_wconf 84' lang='lat' dir='ltr'>bis</span> <span class='ocrx_word' id='word_1_296' title='bbox 543 2333 590 2378; x_wconf 73' lang='lat' dir='ltr'>V)</span> <span class='ocrx_word' id='word_1_297' title='bbox 611 2335 622 2378; x_wconf 73' lang='grc' dir='ltr'>ΙΙ</span> <span class='ocrx_word' id='word_1_298' title='bbox 642 2340 680 2367; x_wconf 80' lang='grc'>26</span> <span class='ocrx_word' id='word_1_299' title='bbox 705 2336 859 2378; x_wconf 88' lang='lat' dir='ltr'>possunt</span> <span class='ocrx_word' id='word_1_300' title='bbox 885 2334 1040 2379; x_wconf 84' lang='lat' dir='ltr'>(possint</span> <span class='ocrx_word' id='word_1_301' title='bbox 1065 2333 1114 2379; x_wconf 90' lang='lat' dir='ltr'>V)</span> <span class='ocrx_word' id='word_1_302' title='bbox 1134 2334 1146 2378; x_wconf 90' lang='grc' dir='ltr'>ΙΙ</span> 
     </span>
    </p>
   </div>
  </div>
 </body>
</html>
