1560 2506
23 760 57 786 10

26 1353 60 1378 20

28 1649 61 1674 25

30 1945 63 1969 30

387 119 555 155 RERVM
577 118 885 155 RVSTICARVM
908 118 993 154 LIB.
1012 118 1062 153 HI
1088 123 1107 153 3
1339 119 1419 160 121

74 218 261 258 villatico
293 232 393 258 usae
420 219 542 258 tecto.
592 218 739 257 tertiae
764 219 949 269 piscinae
976 216 1114 256 dulces
1141 216 1232 257 fieri
1258 219 1427 270 coeptae

75 279 117 318 et
148 291 169 317 e
200 276 445 318 fluminibus
478 278 622 329 captos
655 289 843 329 recepere
875 275 926 316 ad
960 290 1002 315 se
1032 278 1179 328 pisces.
1230 274 1472 316 omnibus&

74 336 210 376 tribus
242 335 307 375 his
339 335 561 389 generibus
595 337 694 375 sunt
724 334 815 375 bini
843 334 1010 388 gradus,
1044 338 1289 388 superiores,
1322 349 1426 388 quos

75 395 297 449 frugalitas
342 396 531 448 antiqua,
574 394 810 446 inferiores,
861 407 966 447 quos
1010 394 1178 434 luxuria
1220 396 1430 447 posterior

77 454 237 495 adiecit.
315 456 476 507 primus
527 455 639 493 enim
680 453 752 493 ille
801 453 956 506 gradus
1008 455 1171 493 anticus
1221 456 1429 493 maiorum

74 515 268 554 nostrum
312 515 416 566 erat,
465 515 511 553 in
554 525 638 566 quo
683 515 821 552 essent
863 515 1020 552 aviaria
1063 512 1145 553 duo
1190 512 1430 553 dumtaxat:

74 575 120 613 in
149 573 277 626 plano
311 572 471 625 cohors,
502 574 548 612 in
580 584 662 624 qua
692 571 971 624 pascebantur
995 572 1189 625 gallinae,
1221 574 1262 612 et
1287 586 1429 612 earum

75 632 236 672 fructus
269 633 357 671 erat
388 645 466 672 ova
498 633 538 671 et
568 630 694 684 pulli3
733 631 837 671 alter
870 630 1079 684 sublimis,
1117 633 1162 671 in
1195 644 1278 684 quo
1311 633 1429 671 erant

76 690 292 732 columbae
331 693 378 730 in
417 690 604 730 turribus
646 692 719 730 aut
761 704 923 730 summa
959 691 1071 731 villa.
1134 693 1281 730 contra
1316 704 1429 730 nunc

77 752 232 790 aviaria
263 752 362 790 sunt
391 752 562 790 nomine
592 751 768 801 mutato,
800 749 913 803 quod
940 751 1144 790 vocantur
1172 749 1429 801 ornithoneS,
1446 749 1473 790 ’ἶ

78 822 183 863 quae
225 809 415 862 palatum
454 823 579 849 suave
617 807 777 849 domini
813 811 994 864 paravit,
1040 811 1088 849 ut
1125 811 1235 849 tecta
1270 811 1431 849 maiora

76 868 276 921 habeant,
320 881 447 921 quam
490 870 581 908 tum
618 867 830 908 habebant
866 870 977 908 totas
1015 869 1155 921 villas,
1199 871 1244 908 in
1276 868 1429 921 quibus

79 927 344 968 stabulentur
374 927 488 967 turdi
520 941 566 967 ac
597 941 792 980 pavones.
856 930 915 967 sic
951 930 997 967 'm
1030 927 1210 968 secunda
1241 930 1352 980 parti
1384 926 1476 968 ac8

77 988 286 1040 leporario
318 989 438 1040 pater
468 989 579 1039 tuus,
605 985 753 1039 Axi[i],
796 989 1087 1039 praeterquam
1119 987 1383 1040 lepusculum
1410 1000 1430 1026 e

43 1058 58 1082 5
77 1048 300 1087 venatione
336 1045 442 1086 vidit
478 1059 721 1099 numquam.
782 1060 917 1099 neque
955 1049 1066 1086 enim
1104 1049 1192 1086 erat
1228 1060 1431 1099 magnum

77 1105 121 1146 id
165 1107 372 1158 saeptum,
417 1105 530 1158 quod
560 1119 690 1158 nunc,
729 1107 777 1144 ut
807 1104 990 1145 habeant
1020 1106 1177 1146 multos
1219 1119 1342 1158 apros
1385 1119 1431 1145 ac

78 1178 264 1218 capreas,
312 1165 530 1217 complura
571 1167 719 1218 iugera
761 1167 950 1204 maceriis
996 1164 1264 1205 concludunt.
1344 1178 1432 1205 non

78 1226 142 1277 tu,
184 1225 325 1277 inquit
367 1223 488 1276 mihi,
536 1237 631 1264 cum
676 1226 813 1264 emisti
857 1223 1035 1264 fundum
1078 1223 1365 1264 Tusculanum
1409 1237 1433 1263 a

77 1282 134 1324 M.
165 1282 336 1336 Pisone,
376 1285 422 1323 in
452 1283 660 1336 leporario
694 1285 785 1336 apri
816 1283 987 1323 fuerunt
1017 1284 1170 1324 multi?
1232 1286 1276 1323 in
1308 1281 1476 1323 tertia9

78 1344 190 1395 parti
230 1344 323 1394 quis
367 1340 604 1395 habe<b>at
646 1345 852 1395 piscinam
891 1345 975 1382 nisi
1016 1342 1179 1382 dulcem
1220 1345 1260 1382 et
1300 1345 1346 1382 in
1386 1356 1434 1382 ea

80 1401 297 1441 dumtaxat
329 1401 497 1454 squalos
530 1415 576 1442 ac
606 1402 786 1455 mugiles
817 1402 981 1454 pisces?
1029 1405 1121 1455 quis
1149 1404 1296 1442 contra
1319 1415 1432 1442 nunc

79 1459 332 1514 mi<n>thon
355 1475 443 1501 non
469 1460 570 1500 dicit
596 1475 671 1500 sua
694 1461 803 1500 nihil
827 1463 1038 1513 interesse,
1071 1464 1214 1501 utrum
1233 1463 1284 1500 iis
1310 1463 1434 1514 pisci-

79 1520 158 1560 bus
192 1521 390 1573 stagnum
421 1519 573 1560 habeat
605 1520 779 1573 plenum
814 1534 867 1560 an
901 1521 1044 1561 ranis?
1085 1535 1173 1561 non
1195 1519 1433 1573 Philippus,

81 1593 176 1620 cum
217 1578 268 1619 ad
298 1578 559 1619 meidium
597 1579 808 1632 hospitem
847 1577 989 1620 Casini
1031 1579 1275 1620 devertisset
1315 1582 1356 1619 et
1396 1582 1433 1619 ei

81 1652 102 1679 e
143 1640 219 1679 tuo
263 1637 436 1678 flumine
484 1639 633 1691 lupum
680 1641 837 1692 piscem
886 1639 1119 1679 formosum
1169 1640 1434 1692 apposuisset

82 1699 206 1750 atque
248 1697 320 1737 ille
364 1699 577 1751 gustasset
620 1699 660 1738 et
701 1700 928 1751 expuisset,
973 1697 1095 1750 dixit,
1142 1698 1345 1751 ‘peream,
1388 1700 1434 1738 ni

81 1759 239 1810 piscem
275 1758 422 1810 putavi
461 1756 594 1797 esse'?
651 1759 709 1797 sic
745 1759 892 1798 nostra
929 1760 1041 1797 aetas
1079 1760 1125 1797 in
1157 1771 1283 1811 quam
1314 1757 1434 1797 luxu-
1451 1754 1509 1796 10

82 1818 188 1856 riam
218 1818 471 1869 propagavit
502 1815 778 1869 leporaria[s],
810 1815 944 1869 <h>ac
969 1819 1151 1870 piscinas
1178 1817 1358 1870 protulit
1383 1815 1434 1856 ad

83 1889 195 1915 mare
245 1877 286 1915 et
333 1877 379 1915 in
428 1889 495 1915 eas
545 1876 735 1929 pelagios
785 1890 933 1929 greges
984 1878 1163 1929 piscium
1213 1877 1434 1916 revocavit.

82 1948 171 1975 non
212 1936 385 1987 propter
427 1934 502 1974 has
547 1935 748 1988 appellati
787 1933 957 1988 Sergius
997 1934 1126 1975 Orata
1170 1937 1210 1975 et
1247 1933 1436 1975 Licinius

202 2080 219 2106 1
244 2073 404 2107 villatico
431 2084 502 2108 mv.
538 2073 724 2108 uillaticae
743 2075 754 2117 11
774 2081 791 2107 2
816 2085 985 2117 recepere
1010 2074 1212 2108 Iucundus.
1250 2073 1438 2119 reciperes!

85 2127 103 2154 5
129 2121 302 2164 antiquus
329 2121 482 2165 (anticus
508 2122 584 2155 eod.
612 2122 714 2165 Par.)
735 2123 745 2166 ΙΙ
769 2128 803 2154 11
836 2122 976 2155 (101111111
1001 2133 1032 2156 v.
1083 2122 1220 2155 donum
1245 2123 1256 2166 ΙΙ
1281 2128 1316 2155 12
1341 2123 1437 2155 totas

84 2179 116 2202 v.
148 2170 244 2202 tutas
263 2170 275 2212 ΙΙ
293 2175 330 2201 13
349 2169 444 2211 parti
465 2170 580 2212 (parte
602 2169 649 2212 V)
669 2171 680 2212 ΙΙ
699 2176 735 2202 14
751 2169 816 2203 del.
831 2180 851 2203 v
871 2171 882 2212 Η
901 2175 938 2201 16
960 2169 1000 2202 id
1019 2181 1048 2204 v.
1077 2169 1123 2202 ad
1146 2171 1149 2211 Ι
1172 2169 1306 2203 habeat
1326 2168 1427 2220 Keil]

85 2222 125 2248 2ο
148 2215 308 2249 habebat
341 2216 530 2250 Victorius.
569 2216 703 2250 habeat
734 2216 858 2260 (habet
884 2216 931 2259 V)
951 2218 962 2260 Η
983 2223 1020 2249 22
1045 2216 1187 2250 mintho
1210 2216 1405 2251 Columella
1424 2221 1427 2260 1

85 2269 124 2295 24
148 2262 379 2297 Ummidium
403 2263 497 2298 Scal.
545 2263 757 2297 immidium
780 2264 783 2308 Ι
807 2264 1022 2297 devertisset
1046 2264 1121 2298 cod.
1149 2265 1270 2298 Paris.
1315 2263 1437 2296 diuer-

85 2309 190 2343 tisset
215 2311 227 2354 ΙΙ
257 2316 296 2344 28
320 2310 519 2354 leporarias
545 2321 587 2344 ao
610 2311 771 2354 piscinas
807 2311 1001 2354 (leporaria
1035 2322 1076 2344 ac
1100 2311 1260 2354 piscinas
1295 2311 1334 2353 V,
1371 2310 1439 2344 ubi

85 2357 154 2391 hac
179 2357 277 2401 Keil)
296 2359 308 2401 ll
