1555 2527
77 65 135 106 44
627 64 868 100 vfflaoms

77 165 125 204 ut
164 166 370 216 serantur,
414 166 554 219 putari
601 178 668 201 *Η
713 165 759 204 111
797 166 946 217 1113115,
992 166 1147 204 circum
1178 165 1284 204 vites
1317 162 1429 205 abla—

78 226 202 276 cuari,
235 224 393 264 radices
427 238 531 278 quae
563 226 608 264 in
635 237 797 264 summa
822 226 932 264 terra
958 225 1056 263 sunt
1082 223 1275 277 praecidi,
1307 225 1429 278 prata

77 285 262 337 purgari,
296 284 443 324 salicta
475 286 566 336 seri,
600 285 758 337 segetes
793 285 924 323 sariri.
987 297 1103 336 seges
1137 282 1290 323 dicitur
1315 282 1428 337 quod

78 345 240 383 aratum
274 345 410 383 satum
444 345 522 395 est,
564 357 709 383 arvum
743 342 855 396 quod
887 344 1049 382 aratum
1080 342 1258 383 necdum
1290 344 1428 383 satum

78 405 150 455 est,
182 403 358 455 novalis,
390 402 463 442 ubi
497 404 632 442 satum
659 402 751 454 fuit,
784 404 1009 455 antequam
1036 401 1216 442 secunda
1241 404 1428 443 aratione
1465 417 1480 444 5

36 462 257 503 2novatur
312 476 468 502 rursus.
553 464 706 502 terram
757 475 851 501 cum
908 463 1092 515 primum
1141 463 1278 513 arant,
1334 475 1428 515 pro-

79 521 264 562 scindere
297 522 523 575 appellant,
557 535 651 561 cum
676 522 840 573 iterum,
874 520 1097 574 offringere
1124 520 1279 573 dicunt,
1316 520 1429 574 quod

77 583 214 635 prima
253 583 440 621 aratione
481 580 654 634 glaebae
694 579 873 633 grandes
919 580 1056 620 solent
1100 582 1288 633 excitari3
1334 594 1428 620 cum

76 643 262 693 iteratur,
302 639 526 694 offringere
565 642 727 680 vocant.
790 641 914 680 tertio
949 653 1043 679 cum
1076 641 1196 680 arant
1226 642 1335 680 iacto
1369 653 1428 680 se-

76 702 205 752 mine,
243 699 369 740 boves
412 700 535 740 lirare
574 698 787 751 dicuntur,
830 698 875 738 id
916 700 978 739 est
1018 712 1113 739 cum
1152 698 1318 740 tabellis
1360 698 1429 739 ad·
1448 715 1482 741 ιο

78 759 174 800 ditis
209 759 260 799 ad
290 773 501 800 vomerem
534 759 660 798 simul
692 760 732 798 et
770 760 908 798 satum
942 758 1201 798 frumentum
1232 760 1429 812 operiunt

76 822 121 859 in
160 821 298 872 porcis
341 821 381 859 et
423 819 587 859 sulcant
626 818 779 871 fossas,
824 831 906 871 quo
945 817 1091 871 pluvia
1127 831 1236 872 aqua
1267 817 1428 858 delaba-

76 881 155 919 tur.
235 892 322 919 non
371 879 480 918 nulli
527 879 690 931 postea,
741 879 814 931 qui
859 879 1018 931 segetes
1061 890 1150 918 non
1191 879 1279 918 tam
1320 878 1427 918 latas

75 938 248 990 habent,
292 939 340 977 ut
379 939 426 978 in
457 935 616 991 Apulia
657 939 696 977 et
736 936 779 976 id
819 950 952 990 genus
991 935 1188 990 praediis,
1232 951 1307 991 per
1345 951 1427 977 sar-

75 1000 185 1038 tores
220 1011 362 1038 occare
395 997 543 1049 solent,
578 999 720 1050 siquae
751 999 797 1036 in
822 998 960 1050 porcis
987 996 1156 1037 relictae
1181 995 1426 1050 grandiores
1447 1012 1480 1039 15

34 1056 175 1098 3sunt
222 1056 406 1111 glaebae.
481 1070 564 1110 qua
607 1058 792 1096 aratrum
835 1070 1000 1096 vomere
1044 1056 1237 1096 lacunam
1282 1058 1427 1096 striam

74 1117 183 1169 fecit,
217 1117 357 1157 sulcus
390 1118 574 1157 vocatur.
637 1114 749 1169 quod
782 1117 844 1155 est
873 1117 984 1156 inter
1016 1114 1120 1155 duos
1154 1115 1291 1156 sulcos
1318 1116 1428 1156 elata

76 1179 187 1217 terra
218 1176 371 1216 dieitur
402 1190 541 1230 porca,
577 1175 689 1229 quod
721 1189 769 1215 ea
801 1189 917 1229 seges
950 1175 1209 1215 frumentum
1239 1176 1425 1228 porricit.

76 1238 134 1277 sic
172 1249 339 1290 quoque
377 1237 472 1276 exta
509 1235 594 1276 deis
633 1249 727 1275 cum
766 1234 937 1287 dabant,
981 1236 1189 1288 porricere
1221 1233 1424 1275 dicebant.

4 1304 104 1338 XXX
196 1294 387 1336 Secundo
426 1295 649 1336 intervallo
688 1296 798 1336 inter
834 1308 1011 1334 vernum
1042 1295 1355 1347 aequinoctium
1386 1296 1427 1334 et
1446 1309 1480 1336 20

74 1356 346 1409 vergiliarum
372 1356 564 1396 exortum
589 1353 690 1394 haec
714 1353 816 1394 fieri.
861 1355 1021 1407 segetes
1041 1355 1220 1406 runcari,
1245 1352 1317 1405 <id
1336 1351 1426 1406 est>

74 1414 246 1455 herbam
284 1429 305 1455 e
347 1414 558 1469 segetibus
598 1415 840 1467 expurgari,
884 1413 1010 1454 boves
1049 1415 1203 1453 terram
1239 1414 1426 1467 proscin-

76 1474 187 1527 dere,
238 1475 408 1515 salicem
459 1473 589 1526 caedi,
639 1475 762 1527 prata
805 1472 981 1513 defendi.
1062 1486 1167 1526 quae
1212 1474 1426 1526 superiore

75 1536 262 1588 tempore
299 1534 390 1575 fieri
431 1534 667 1588 oportuerit
708 1535 747 1573 et
786 1546 874 1573 non
918 1534 1017 1573 srmt
1058 1531 1267 1584 absoluta,
1313 1534 1425 1572 ante-

75 1608 201 1647 quam
232 1608 418 1648 gemmas
451 1594 580 1647 agant
611 1606 658 1633 ac
689 1591 904 1633 florescere
930 1593 1146 1645 incipiant,
1172 1591 1274 1644 fieri,
1301 1591 1423 1645 quod,
1445 1606 1478 1632 25

77 1656 111 1693 si
138 1667 243 1707 quae
269 1653 373 1694 folia
390 1651 637 1705 <a>mittere
664 1652 801 1692 solent
827 1653 924 1692 ante
948 1650 1141 1692 frondere
1165 1652 1424 1705 inceperunt,

75 1714 217 1753 statim
256 1713 307 1753 ad
346 1712 566 1753 serendum
603 1711 753 1752 idonea
792 1725 880 1752 non
912 1713 1021 1751 sunt.
1084 1711 1219 1751 oleam
1251 1713 1331 1751 seri
1362 1713 1424 1751 in-

73 1774 360 1826 terputarique
393 1774 571 1826 oportet.

0 1840 106 1874 {XXI
195 1831 337 1872 Tertio
389 1831 613 1872 intervallo
662 1832 773 1871 inter
821 1830 1093 1884 vergiliarum
1143 1831 1334 1870 exortum
1383 1831 1424 1869 et

75 1892 305 1932 solstitium
348 1891 450 1932 haec
493 1886 583 1931 fieri
628 1890 790 1931 debent.
864 1892 1006 1930 vineas
1049 1889 1238 1930 novellas
1282 1888 1423 1929 fodere
1442 1904 1476 1930 30

190 2086 205 2113 1
233 2079 391 2120 arbusta,
413 2078 600 2112 stercorari
620 2079 739 2122 suppl.
755 2079 842 2112 Keil
860 2079 871 2121 ΙΙ
890 2083 908 2110 3
929 2076 1034 2110 531111
1057 2077 1109 2112 ed.
1124 2076 1419 2112 Commeliniana.

73 2126 184 2161 sarire
203 2128 215 2171 ΙΙ
234 2134 251 2160 5
279 2138 331 2170 sq.
359 2126 521 2160 aratione
546 2128 701 2160 novatur
727 2126 814 2161 Keil
840 2126 927 2160 duee
955 2126 1114 2159 Merula.
1166 2123 1280 2158 aratio
1317 2134 1420 2158 reno-

73 2176 179 2209 uatur
203 2176 214 2218 11
242 2181 278 2208 14
309 2173 471 2218 praediis
505 2173 661 2217 (praedii
694 2174 742 2218 V>
774 2174 785 2217 ΙΙ
815 2180 849 2207 17
877 2172 965 2206 facit
989 2172 1138 2207 Nonius
1168 2174 1179 2216 ΙΙ
1209 2177 1246 2205 18
1270 2170 1422 2215 porricit

73 2222 295 2257 Politianus.
332 2221 490 2266 porrigit
508 2223 519 2265 ΙΙ
538 2228 574 2254 19
593 2220 774 2265 porricere
789 2220 1008 2256 Politianus.
1046 2219 1234 2264 porrigere
1252 2220 1264 2264 ΙΙ
1283 2225 1319 2252 21
1331 2218 1422 2253 haec

71 2269 149 2303 fieri
177 2269 310 2304 debent
343 2269 380 2303 V.
416 2268 506 2302 haec
540 2268 619 2303 fieri
651 2269 741 2303 Vict.
775 2271 807 2303 et
842 2268 927 2303 libri
960 2279 1073 2302 manu
1110 2268 1238 2312 scripti
1272 2267 1416 2311 omnes!

71 2317 156 2352 add.
185 2318 271 2352 Keil
289 2318 300 2362 ΙΙ
320 2323 358 2350 26
384 2317 469 2351 add.
503 2317 685 2351 Victorius
707 2317 710 2360 Ι
733 2315 971 2360 inciperuntu
