1555 2527
71 62 91 101 1
98 63 125 101 4
623 57 864 94 VARRONIS

0 158 50 198 17
68 157 244 212 Agrius,
277 157 358 211 Tu,
391 160 547 212 inquit,
592 157 748 198 tibicen
778 172 866 199 non
899 160 1036 200 solum
1069 159 1215 199 adimis
1249 157 1420 198 domino

67 232 211 272 pecus,
250 217 321 258 sed
353 219 479 258 etiam
511 219 639 258 servis
672 218 900 271 peculium,
943 218 1095 272 quibus
1129 218 1288 259 domini
1321 216 1422 258 dant

68 280 116 318 ut
146 279 338 332 pascant,
378 279 501 331 atque
535 279 659 317 etiam
692 278 804 330 leges
838 278 1046 319 colonicas
1080 279 1214 331 tollis,
1255 279 1300 318 in
1333 278 1421 331 qui-

66 336 145 378 bus
189 336 427 390 scribimus,
473 337 646 377 colonus
688 338 734 376 in
779 350 879 390 agro
926 338 1156 378 surculario
1201 351 1253 378 ne
1298 350 1423 390 capra

67 396 271 449 <na>tum
311 398 472 450 pascat:
518 410 620 450 quas
664 398 789 436 etiam
831 398 1062 451 astrologia
1092 399 1137 437 in
1170 397 1331 437 caelum
1362 409 1421 436 re·
1459 409 1475 436 5

1 455 52 496 18
69 458 190 510 cepit,
216 470 303 497 non
329 457 455 509 longe
483 455 533 495 ab
560 457 693 495 tauro.
746 453 823 495 Cui
845 454 1102 510 Fundanius,
1128 455 1245 510 Vide,
1270 457 1422 509 inquit,

67 530 131 568 ne,
164 514 288 569 Agri,
321 518 430 555 istuc
464 517 518 555 sit
551 514 601 555 ab
634 514 731 566 hoc,
767 529 861 555 cum
892 518 937 555 in
970 515 1134 569 legibus
1168 518 1293 556 etiam
1327 517 1423 555 scri-

67 575 192 616 batur
234 575 380 629 ‘pecus
424 573 667 628 quoddam’.
731 574 934 627 quaedam
975 578 1085 615 enim
1123 575 1300 629 pecudes
1340 575 1423 615 cul-

68 638 186 675 turae
220 637 318 675 sunt
350 636 543 674 inimicae
577 648 622 674 ac
654 647 826 686 veneno,
858 636 906 674 ut
930 637 1047 688 istae,
1080 649 1182 688 quas
1210 634 1422 688 dixi<sti>,

69 708 226 748 caprae.
303 708 371 734 eae
414 696 526 734 enim
567 695 709 733 omnia
748 693 917 734 novella
959 696 1048 734 sata
1088 694 1294 748 carpendo
1337 707 1477 735 Cor-10

0 753 52 793 19
67 756 287 807 rumpunt,
337 767 425 794 non
474 755 697 793 minimum
746 754 850 793 vites
903 755 1026 806 atque
1078 754 1201 794 oleas.
1279 755 1423 806 itaque

67 816 290 867 propterea
329 814 572 853 institutum
615 812 777 852 diversa
819 812 866 852 de
908 827 1033 853 causa
1073 815 1121 853 ut
1161 827 1210 853 ex
1252 815 1422 866 caprino

67 887 219 927 genere
261 872 312 913 ad
357 872 428 912 alii
474 871 539 912 dei
580 886 695 912 aram
734 871 876 912 hostia
921 871 1211 925 adduceretur,
1257 871 1308 912 ad
1352 872 1424 912 alii

68 947 156 973 non
201 932 520 984 sacrificaretur,
571 946 665 971 cum
711 930 761 971 ab
807 931 951 972 eodem
996 931 1091 972 odio
1138 932 1242 972 alter
1285 931 1424 972 videre

68 993 213 1045 nollet,
247 992 352 1032 alter
385 993 510 1031 etiam
542 990 681 1031 videre
712 993 957 1044 pereuntem
988 992 1125 1032 vellet.
1177 994 1235 1032 sic
1266 991 1424 1032 factum
1444 1004 1477 1030 15

69 1054 116 1091 ut
149 1050 299 1092 Libero
332 1053 461 1105 patri,
506 1053 710 1104 repertori
741 1052 858 1103 vitis,
899 1049 1061 1104 <h>irci
1092 1051 1424 1104 immolarentur,

69 1110 245 1165 proinde
289 1113 337 1151 ut
378 1112 512 1164 capite
554 1109 700 1150 darent
737 1124 912 1163 poenas3
958 1113 1103 1151 contra
1134 1112 1182 1150 ut
1213 1109 1424 1150 Minervae

70 1173 230 1225 caprini
262 1172 426 1225 generis
458 1170 568 1210 nihil
605 1170 872 1209 immolarent
909 1172 1082 1223 propter
1122 1170 1273 1223 oleam,
1313 1169 1425 1223 quod

70 1245 161 1271 eam
211 1245 337 1284 quam
386 1230 553 1270 laeserit
596 1228 687 1269 fieri
732 1228 877 1269 dicunt
922 1230 1123 1270 sterilem:
1174 1232 1261 1270 eius
1314 1232 1425 1270 enim

0 1288 55 1329 20
70 1291 245 1331 salivam
286 1304 374 1330 esse
406 1289 582 1330 fructuis
615 1302 823 1329 venenum
856 1287 942 1342 [L]:
986 1289 1065 1330 hoc
1095 1291 1267 1330 nomine
1299 1291 1425 1330 etiam
1444 1302 1479 1327 20

71 1348 249 1390 Athenis
293 1352 340 1390 in
384 1363 519 1390 arcem
563 1363 650 1389 non
694 1350 819 1402 inigi,
866 1351 1161 1402 praeterquam
1205 1348 1332 1389 semel
1375 1348 1426 1388 ad

69 1412 350 1450 necessarium
391 1408 657 1460 sacrificium,
703 1422 755 1448 ne
798 1407 922 1448 arbor
954 1408 1061 1460 olea,
1107 1422 1211 1462 quae
1243 1410 1425 1462 primum

71 1469 223 1510 dicitur
253 1468 314 1509 ibi
345 1471 456 1521 nata,
490 1482 513 1508 a
539 1482 664 1521 capra
689 1469 808 1521 tangi
833 1470 980 1521 possit.
1031 1466 1119 1508 Nec
1146 1466 1333 1521 [n]ullae,
1364 1469 1426 1508 in-

71 1543 215 1583 quam,
256 1528 434 1582 pecudes
474 1530 565 1582 agri
598 1527 786 1567 culturae
820 1529 919 1567 sunt
949 1530 1162 1581 propriae,
1202 1529 1287 1567 nisi
1319 1541 1426 1580 quae

71 1603 221 1643 agrum
262 1602 403 1642 opere,
446 1601 529 1641 quo
572 1587 725 1627 cultior
767 1588 837 1638 sit,
880 1586 1092 1639 adiuvare,
1133 1588 1181 1626 ut
1219 1600 1288 1627 eae
1321 1600 1426 1640 quae
1446 1599 1479 1625 25

0 1647 51 1687 21
70 1650 237 1689 iunctae
270 1662 385 1688 arare
416 1648 608 1700 possunt.
670 1644 895 1700 Agrasius,
937 1644 981 1687 Si
1012 1648 1122 1687 istuc
1153 1648 1214 1686 ita
1245 1647 1324 1699 est,
1364 1648 1426 1686 in-

72 1710 180 1762 quit,
226 1722 309 1762 quo
350 1706 474 1748 modo
516 1720 642 1760 pecus
681 1707 883 1746 removeri
915 1707 1055 1759 potest
1087 1705 1137 1746 ab
1171 1719 1290 1759 agro,
1332 1719 1427 1746 cum

72 1770 248 1820 stercus,
290 1766 403 1821 quod
439 1767 671 1820 plurimum
707 1765 895 1819 prodest,
937 1779 1084 1819 greges
1123 1779 1321 1818 pecorum
1352 1767 1426 1805 mi-

71 1827 280 1868 nistrent?
327 1825 405 1879 Sic,
438 1827 578 1879 inquit
609 1823 780 1879 Agrius,
818 1825 1031 1865 venalium
1061 1839 1208 1878 greges
1243 1824 1425 1865 dicemus

73 1889 163 1940 agri
205 1887 413 1927 culturam
455 1885 560 1938 ess'e,
604 1887 639 1925 si
680 1886 853 1938 propter
892 1886 1017 1924 istam
1058 1898 1144 1924 rem
1188 1883 1427 1925 habendum
1446 1897 1480 1923 30

74 1949 354 1987 statuerimus.
419 1944 489 1985 sed
521 1958 636 1984 error
667 1943 783 1996 hinc,
826 1943 938 1997 quod
969 1957 1094 1997 pecus
1127 1946 1173 1984 in
1205 1958 1306 1998 agro
1340 1957 1428 1984 esse

73 2008 212 2059 potest
254 2007 294 2045 et
334 2005 496 2045 fructus
528 2007 574 2044 in
607 2018 654 2044 eo
688 2017 789 2057 agro
823 2003 946 2055 ferre,
993 2002 1105 2056 quod
1136 2017 1223 2044 non
1256 2016 1427 2057 sequen-

74 2065 185 2106 dum.
255 2079 353 2106 nam
387 2066 445 2104 sic
478 2066 604 2104 etiam
635 2077 699 2103 res
734 2063 838 2103 aliae
871 2062 1056 2103 diversae
1089 2062 1139 2103 ab
1172 2076 1274 2116 agro
1307 2064 1429 2103 erunt

193 2224 208 2250 1
235 2216 353 2250 acrius
381 2218 392 2261 ΙΙ
421 2223 439 2249 3
465 2216 586 2259 adque
615 2216 626 2259 ΙΙ
654 2222 671 2248 4
698 2225 743 2248 ne
769 2224 879 2258 capra
911 2216 1039 2248 natum
1071 2214 1262 2249 Victorius.
1321 2223 1426 2248 neca—

74 2266 220 2308 pratum
251 2265 262 2308 ΙΙ
292 2271 310 2297 9
336 2265 454 2308 suppl.
482 2263 674 2298 Iuczmdus
704 2263 715 2306 ss
746 2269 781 2295 12
808 2272 852 2295 ex
877 2262 1024 2305 caprino
1057 2261 1090 2306 (ὁ
1116 2261 1264 2305 caprino
1289 2265 1331 2296 ut
1355 2261 1426 2296 vid.

75 2311 168 2355 Pol.)
188 2313 199 2355 ΙΙ
219 2318 257 2344 ‘23
283 2311 348 2346 del.
376 2323 396 2346 v
415 2313 426 2356 ΙΙ
445 2317 484 2344 26
509 2311 603 2344 istuc
629 2310 741 2354 <istud
768 2311 906 2354 apoyr.)
926 2311 938 2354 ΙΙ
