1555 2527
96 79 152 121 48
648 77 888 113 VAssRoms

97 180 138 217 et
168 176 265 218 inde
297 191 442 218 rursus
476 176 526 217 ad
558 191 710 217 novam
736 177 879 217 lunam
907 176 1114 230 decrescit,
1148 176 1283 230 quaad
1308 178 1449 217 veniat

96 236 148 277 ad
187 238 576 289 intermenstruum,
622 235 677 289 [e]
723 250 805 290 quo
845 236 909 276 die
948 236 1099 276 dicitur
1131 237 1232 277 luna
1264 250 1351 277 esse
1383 250 1447 276 ex-

95 299 228 337 trema
272 298 312 336 et
355 299 507 349 prima:
553 310 576 336 a
614 310 696 349 quo
736 310 830 336 eum
868 295 976 336 diem
1015 294 1193 336 Athenis
1233 295 1448 349 appellant

96 353 203 408 ἕνην
245 354 315 396 καὶ
360 353 484 407 νέαν,
528 354 740 408 τριακάδα
784 356 867 396 alii.
939 355 1141 408 quaedam
1178 354 1366 396 facienda
1402 357 1448 395 in

97 417 208 469 agris
241 417 383 469 potius
417 417 625 455 crescente
657 415 758 455 luna
789 428 915 469 quam
948 417 1201 467 senescente,
1246 413 1448 468 quaedam
1486 432 1500 457 5

97 477 242 516 contra
292 488 396 528 quae
446 477 594 527 metas,
644 476 692 514 ut
740 474 950 514 frumenta
1000 477 1040 514 et
1090 473 1263 514 caeduas
1309 474 1447 514 silvas.

55 533 190 588 2Ego
235 536 379 587 istaec,
429 536 569 587 inquit
613 532 836 587 Agrasius,
887 548 975 574 non
1024 534 1161 574 solum
1210 536 1255 574 in
1299 532 1447 574 ovibus

98 593 338 646 tondendis,
372 593 442 633 sed
473 596 518 634 in
549 607 640 633 meo
679 593 831 646 capillo
865 607 888 632 a
919 594 1037 646 patre
1070 595 1286 646 acceptum
1318 606 1448 644 Servo,

95 656 140 693 ni
179 652 473 706 [de]erescente
512 653 612 693 luna
649 650 882 705 tonde<n>s
923 653 1060 693 calvos
1099 652 1208 693 fiam.
1276 650 1447 706 AgriUS,

97 712 230 761 Quem
262 712 313 752 ad
344 712 532 764 modum,
573 714 729 765 inquit,
771 712 872 751 luna
904 711 1233 765 quadripertita?
1275 714 1316 752 et
1347 711 1448 765 quid
1468 728 1502 754 ιο

55 772 143 813 3ea
192 772 341 812 divisio
392 771 443 812 ad
493 786 616 825 agros
666 771 827 824 pollet?
907 770 1155 823 Tremelius,
1205 769 1448 824 Numquam

95 846 189 872 rure
222 831 387 884 audisti,
418 833 569 884 inquit,
602 833 748 871 octavo
780 830 925 871 Ianam
957 831 1101 871 lunam
1133 832 1173 870 et
1199 832 1449 871 crescentem

96 894 136 932 et
186 893 331 932 contra
368 892 680 943 ¹senescentem,
730 892 770 930 et
814 904 918 944 quae
963 892 1170 930 crescente
1214 890 1316 930 luna
1358 889 1448 930 fieri

96 952 319 1004 oporteret,
355 949 429 1003 [et]
462 952 603 990 tamen
634 949 837 1004 quaedam
868 950 1018 990 melius
1051 949 1141 990 fieri
1172 951 1270 1003 post
1301 951 1448 990 octavo

96 1009 240 1050 Ianam
281 1010 424 1050 lunam
467 1023 592 1063 quam
633 1009 758 1050 ante?
809 1011 850 1049 et
892 1011 1035 1063 siquae
1077 1011 1315 1049 senescente
1358 1008 1449 1049 fieri
1470 1026 1501 1051 15

97 1071 354 1122 conveniret,
404 1070 573 1122 melius,
624 1071 782 1123 quanto
833 1071 972 1109 minus
1023 1068 1194 1109 haberet
1242 1070 1355 1122 ignis
1405 1067 1448 1108 id

96 1129 283 1170 astrum?
335 1128 420 1169 dixi
453 1128 502 1169 de
534 1128 838 1182 quadripertita
869 1128 1004 1169 forma
1028 1127 1130 1182 <in>
1156 1128 1320 1168 cultura
1346 1129 1448 1181 agri.
1514 1149 1516 1151 ·

55 1189 83 1228 4
217 1187 354 1242 Stolo,
398 1187 477 1228 Est
509 1188 655 1241 altera,
699 1190 856 1242 inquit,
900 1190 1138 1241 temporum
1171 1187 1320 1228 divisio
1354 1201 1449 1228 con-

95 1250 239 1289 iuncta
277 1247 458 1302 quodam
496 1247 620 1288 modo
663 1262 758 1288 cum
791 1248 878 1288 sole
911 1249 951 1287 et
982 1248 1084 1287 luna
1116 1245 1252 1301 [quin]
1287 1260 1449 1300 sexper-

95 1310 190 1361 tita,
236 1307 348 1362 quod
392 1310 527 1348 omnis
573 1307 657 1348 fere
701 1307 862 1348 fructus
909 1309 1057 1361 quinto
1097 1306 1274 1360 denique
1314 1305 1448 1360 gradu
1468 1323 1502 1348 20

95 1370 285 1421 pervenit
332 1366 383 1407 ad
425 1367 657 1420 perfectum
702 1381 748 1407 ac
791 1366 904 1407 videt
946 1369 992 1406 in
1041 1366 1143 1406 villa
1192 1365 1353 1406 dolium
1402 1379 1449 1406 ac

95 1427 300 1480 modium,
344 1426 454 1467 unde
494 1428 610 1467 sexto
648 1425 791 1480 prodit
829 1425 880 1466 ad
912 1440 1047 1466 usum.
1108 1427 1245 1479 primo
1277 1439 1448 1479 praepa-

95 1486 284 1539 randum,
317 1485 497 1527 secundo
531 1485 762 1538 serendum,
795 1488 918 1526 tertio
950 1484 1259 1538 nutricandum,
1298 1486 1447 1538 quarto

95 1546 336 1600 legendum,
382 1548 530 1599 quinto
570 1545 849 1598 condendum,
895 1546 1010 1586 sexto
1047 1544 1336 1598 promendum.
1397 1543 1449 1584 ad

95 1606 178 1646 alia
208 1608 254 1646 in
284 1605 571 1659 praeparando
604 1604 783 1645 faciendi
816 1604 980 1645 scrobes
1008 1606 1080 1644 aut
1104 1602 1448 1657 repastinandum
1468 1619 1500 1645 25

96 1667 168 1705 aut
206 1665 468 1718 sulcandum,
513 1667 561 1705 ut
602 1667 637 1705 si
678 1664 896 1705 arbustum
934 1665 1006 1704 aut
1042 1666 1279 1717 pomarium
1315 1662 1449 1703 facere

95 1725 216 1778 velis3
261 1724 312 1764 ad
356 1725 437 1764 alia
481 1724 683 1764 arandum
724 1726 796 1764 aut
836 1722 1095 1776 fodiendum,
1140 1725 1188 1763 ut
1220 1725 1255 1763 si
1288 1724 1447 1776 segetes

55 1784 312 1836 5instituas3
357 1783 408 1824 ad
447 1783 649 1837 quaedam
685 1783 844 1837 bipalio
877 1782 1075 1823 vertenda
1105 1784 1216 1822 terra
1246 1782 1343 1836 plus
1376 1783 1449 1822 aut

96 1846 248 1885 minus.
328 1844 432 1883 aliae
477 1846 588 1890 enim
631 1842 788 1883 radices
834 1844 1055 1896 angustius
1092 1841 1350 1894 diffundunt,
1399 1843 1448 1881 ut

96 1906 298 1957 cupressi,
343 1903 447 1943 aliae
492 1903 637 1955 latius,
680 1904 728 1942 ut
764 1902 943 1956 platani,
986 1915 1119 1955 usque
1158 1915 1204 1942 eo
1237 1903 1285 1941 ut
1315 1900 1448 1941 Theo-
1467 1917 1501 1942 30

213 2049 228 2076 1
255 2043 377 2086 quaad
402 2042 524 2076 veniat
550 2042 638 2077 Keil
662 2042 750 2078 duce
781 2042 946 2077 Victorio.
987 2042 1087 2085 quod.
1112 2040 1286 2076 adueniat
1311 2040 1448 2085 (quoad

95 2090 221 2124 ueniat
247 2091 293 2135 V)
314 2092 325 2135 ΙΙ
344 2096 361 2123 2
382 2090 448 2125 ἀεῖ.
475 2090 631 2125 Ursinus
650 2091 660 2135 ΙΙ
680 2096 698 2123 3
724 2101 777 2133 sq.
804 2088 990 2133 appellant
1009 2087 1097 2134 ἕνην
1117 2088 1180 2123 καὶ
1199 2087 1289 2123 νέαν
1314 2100 1345 2123 v.
1383 2098 1446 2132 ap-

95 2138 233 2182 pellant
264 2149 375 2172 cenen
408 2148 565 2171 caenean
587 2139 591 2181 Ι
614 2138 776 2172 triacada
794 2138 805 2181 ΙΙ
823 2143 842 2170 9
873 2147 919 2170 ne
956 2138 1136 2171 crescente
1165 2136 1261 2171 Keil.
1319 2135 1359 2169 ni
1385 2136 1445 2169 de-

95 2185 268 2220 crescenti
295 2185 346 2230 (ni
373 2185 599 2218 decrescente
620 2186 712 2228 Pol.)
736 2185 740 2230 Ι
764 2185 848 2219 add.
868 2195 931 2219 ‘mv
949 2185 961 2229 ΙΙ
979 2191 1016 2218 10
1035 2184 1168 2228 inquid
1186 2184 1197 2228 ΙΙ
1216 2190 1253 2217 12
1272 2183 1395 2218 Ianam
1415 2195 1445 2218 v.

94 2233 216 2267 lanam
234 2234 246 2278 ΙΙ
265 2240 300 2266 14
321 2233 387 2268 del.
410 2233 565 2267 Ursinus
587 2234 591 2276 Ι
614 2234 781 2267 octavum
803 2233 889 2266 Keil
913 2233 924 2275 ΙΙ
955 2238 990 2265 15
1011 2232 1135 2266 Ι3113111
1165 2242 1195 2265 v.
1228 2231 1351 2265 lanam
1379 2232 1390 2276 ΙΙ
1409 2237 1443 2264 17

95 2281 180 2316 add.
208 2281 294 2315 Keil
313 2282 324 2325 ΙΙ
343 2287 379 2314 19
405 2280 516 2315 delevi
542 2282 649 2324 (quae
676 2282 729 2313 est
755 2280 853 2324 Keil)
873 2281 942 2323 [122
973 2279 1093 2323 primo
1119 2279 1322 2314 Iucunoeus.
1371 2278 1445 2323 pri-

94 2340 196 2362 mum
215 2330 226 2372 ΙΙ
246 2335 283 2362 24
311 2340 363 2372 sq.
384 2330 421 2362 at
446 2327 519 2362 alia
537 2329 548 2372 ΙΙ
567 2334 604 2360 27
625 2330 662 2361 at
687 2327 759 2361 alia
777 2329 788 2372 11
808 2333 846 2361 28
872 2329 908 2361 at
934 2328 1115 2370 quaedam
1134 2330 1144 2370 ΙΙ
