1560 2506
19 757 52 782 10

17 1350 51 1374 20

19 1941 52 1965 30

398 111 565 146 RERVM
589 111 894 145 RVSTICARVM
918 111 1004 145 LIB.
1025 112 1057 145 ΙΙ
1083 115 1103 144 4
1368 111 1428 152 89

74 223 122 249 eo
155 210 423 262 appellantur
455 208 505 248 ab
539 211 721 261 antiquis
757 223 907 260 sacreS,
953 208 1065 261 quod
1096 211 1187 248 tum
1219 208 1270 248 ad
1303 211 1424 248 sacri-

72 268 215 308 ficium
240 268 380 308 idonei
407 267 602 307 dicuntur
627 270 821 320 primum.
866 269 1006 320 itaque
1033 269 1135 320 aput
1154 266 1353 307 Plautum
1379 270 1424 307 in

72 325 368 367 Menaechimis
391 324 523 381 (290),
551 340 645 366 cum
670 329 866 366 insanum
892 340 1016 379 quem
1041 328 1174 379 putat,
1201 328 1248 365 ut
1273 328 1423 378 pietur,

73 388 119 426 in
157 386 312 439 oppido
343 385 580 439 Epidamno
614 387 848 439 interrogat
881 385 1044 438 ‘quanti
1076 385 1143 425 hic
1175 388 1292 437 porci
1325 388 1424 425 sunt

75 444 252 485 sacres‘?
322 448 357 485 si
397 445 551 485 fundus
590 447 818 497 ministrat,
870 445 959 484 dari
998 445 1134 484 solent
1171 447 1341 484 vinacea
1379 458 1425 484 ac

74 503 249 557 scop[e]i
281 518 329 543 ex
360 506 464 544 uvis.
515 507 667 544 amisso
699 507 868 544 nomine
900 505 1101 544 lactantes
1135 503 1331 543 dicuntur
1356 517 1424 543 ne·
1442 502 1499 543 ΓΤ

71 563 235 603 frendes
269 562 319 603 ab
353 577 418 616 eo,
462 562 575 616 quod
610 562 800 603 nondum
840 563 980 603 fabam
1011 562 1200 603 frendere
1231 565 1422 615 possunt,

70 622 115 662 id
147 624 208 662 est
239 622 443 675 frangere.
498 636 650 675 porcus
683 636 879 675 graecum
912 624 974 663 est
1004 636 1158 662 nomen
1190 624 1423 674 antiquum,

71 680 144 721 sed
187 681 471 734 obscuratum,
517 681 630 734 quod
665 696 778 721 nunc
816 696 910 721 eum
941 683 1093 722 vocant
1125 681 1317 721 choeron.
1379 683 1424 720 in

73 754 217 781 eorum
258 742 384 794 partu
426 741 584 781 scrofae
627 740 691 780 bis
737 740 802 780 die
845 743 892 780 ut
928 740 1077 781 bibant
1115 742 1263 780 curant
1302 740 1422 779 lactis

72 813 207 840 causa.
267 814 412 853 parere
457 800 601 840 dicunt
641 802 833 852 oportere
873 814 1040 853 porcos,
1087 801 1190 852 quot
1221 813 1422 838 mammas

70 858 238 912 habeat3
296 861 331 899 si
379 861 518 899 minus
569 861 722 912 pariat,
772 859 1046 899 fructuariam
1093 858 1287 899 idoneam
1336 871 1423 898 non

72 932 177 970 esse3
222 920 257 958 si
294 919 434 971 plures
473 920 626 971 pariat,
671 933 759 958 esse
796 920 1051 971 portentum.
1112 920 1157 958 in
1195 931 1278 970 quo
1315 916 1423 957 illud
1440 916 1499 956 18

71 979 413 1030 antiquissimum
444 977 573 1017 fuisse
606 977 814 1030 scribitur,
848 977 960 1030 quod
992 992 1061 1017 sus
1088 975 1253 1017 Aeneae
1273 975 1423 1016 Lavini

37 1055 50 1079 5
71 1038 249 1090 triginta
279 1050 428 1090 porcos
460 1039 623 1090 peperit
655 1036 784 1078 albos
845 1039 987 1090 itaque
1020 1036 1132 1089 quod
1163 1035 1424 1089 portenderit

70 1095 240 1148 factum,
281 1095 434 1149 <post>
465 1098 724 1136 tricesimum
756 1110 913 1136 annum
944 1098 992 1136 ut
1024 1095 1293 1136 Lavinienses
1328 1109 1423 1135 con-

71 1154 252 1195 diderint
295 1155 498 1208 oppidum
535 1153 757 1207 Alba<m>.
826 1155 951 1195 huius
992 1158 1076 1195 suis
1116 1169 1161 1195 ac
1199 1168 1423 1207 porcorum

72 1216 195 1254 etiam
235 1228 348 1254 nunc
388 1217 567 1268 vestigia
604 1216 808 1268 apparent
847 1213 1035 1267 [iamne],
1081 1213 1192 1267 quod
1225 1216 1265 1253 et
1298 1216 1423 1253 simu-

70 1273 182 1313 lacra
219 1287 364 1313 eorum
403 1274 560 1315 ahenea
600 1277 725 1314 etiam
758 1288 871 1314 nunc
903 1276 947 1314 in
979 1273 1149 1326 publico
1182 1275 1338 1326 posita,
1383 1274 1423 1312 et

72 1346 223 1385 corpus
255 1334 401 1372 matris
435 1333 485 1374 ab
519 1333 821 1385 sacerdotibus,
867 1332 979 1386 quod
1015 1335 1060 1372 in
1093 1333 1254 1372 salsura
1284 1332 1422 1382 fuerit,

71 1391 393 1432 demonstratur.
443 1395 655 1433 nutricare
682 1395 855 1433 octonos
882 1406 1032 1445 porcos
1058 1392 1257 1445 parvulos
1284 1393 1420 1443 primo
1439 1388 1499 1429 19

70 1453 267 1504 possunt:
313 1453 570 1493 incremento
615 1452 725 1492 facto
770 1466 794 1491 a
830 1453 976 1504 peritis
1015 1450 1188 1491 dimidia
1224 1464 1319 1503 pars
1361 1464 1422 1490 re-

70 1513 230 1550 moveri
274 1511 397 1563 solet,
443 1511 555 1564 quod
597 1525 733 1564 neque
776 1512 909 1551 mater
952 1512 1093 1563 potest
1134 1509 1305 1550 sufferre
1346 1509 1421 1561 lac,

69 1583 205 1622 neque
243 1573 511 1623 congenerati
549 1570 765 1611 alescendo
803 1569 1004 1611 roborari.
1068 1584 1091 1609 a
1126 1571 1251 1622 partu
1283 1568 1421 1609 decem

36 1645 50 1670 5
71 1627 216 1668 diebus
248 1631 450 1682 proximis
483 1644 569 1670 non
601 1629 841 1683 producunt
873 1644 921 1669 ex
949 1629 1061 1669 haris
1088 1630 1275 1680 matrem,
1307 1641 1422 1680 prae-

70 1689 261 1741 terquam
292 1690 452 1740 potum.
514 1691 750 1742 praeteritis
784 1688 923 1729 decem
956 1687 1100 1728 diebus
1135 1689 1279 1727 sinunt
1312 1689 1422 1727 exire

70 1744 237 1800 pastum
279 1749 325 1787 in
364 1750 616 1801 propincum
656 1749 797 1788 locum
834 1748 974 1799 villae,
1019 1749 1067 1787 ut
1105 1746 1247 1787 crebro
1285 1745 1422 1786 reditu

70 1806 177 1846 lacte
214 1806 323 1846 alere
359 1809 526 1859 possint
561 1822 723 1860 porcos.
791 1821 884 1847 cum
923 1808 1158 1858 creverunt,
1202 1807 1423 1858 patiuntur
1437 1801 1500 1842 20

73 1867 190 1918 sequi
232 1867 408 1906 matrem
450 1869 619 1919 pastum
663 1866 858 1919 domique
896 1867 1118 1906 secernunt
1154 1879 1177 1904 a
1216 1864 1421 1904 matribus

73 1938 118 1964 ac
163 1938 350 1965 seorsum
389 1928 584 1978 pascunt,
629 1928 677 1966 ut
721 1925 970 1966 desiderium
1007 1925 1114 1965 ferre
1150 1926 1315 1977 possint
1352 1937 1422 1976 pa-

71 1985 201 2023 rentis
232 1986 427 2036 nutricis,
469 1985 581 2038 quod
615 1985 754 2026 decem
786 1984 930 2025 diebus
963 1986 1219 2024 assecuntur.
1282 1982 1422 2022 subul-

73 2056 144 2082 cus
184 2042 305 2082 debet
342 2044 648 2096 consuefacere,
694 2046 835 2084 omnia
866 2046 914 2083 ut
944 2043 1100 2083 faciant
1133 2042 1183 2082 ad
1213 2041 1422 2082 bucinam.

71 2103 208 2154 primo
241 2116 336 2142 cum
366 2103 646 2156 incluserunt,
688 2118 782 2143 cum
812 2103 1058 2143 bucinatum
1096 2104 1174 2154 est,
1217 2102 1421 2154 aperiunt,

190 2211 208 2238 4
234 2205 439 2249 Epidamno
477 2218 507 2240 v.
570 2206 765 2250 epidamdo
797 2207 808 2250 ΙΙ
839 2213 857 2239 6
889 2207 954 2240 del.
983 2206 1161 2250 Any-elius
1197 2206 1208 2249 ΙΙ
1244 2211 1280 2237 10
1314 2205 1420 2247 partu

73 2251 169 2286 Keil.
207 2255 295 2295 petu
315 2254 377 2296 1111
405 2253 529 2287 dicunt
556 2255 642 2288 Keil
690 2265 786 2287 nunc
813 2254 929 2298 (aiunt
954 2254 1064 2297 Ellis)
1089 2255 1093 2296 Ι
1117 2255 1206 2296 quot
1230 2264 1250 2286 v
1299 2251 1421 2294 quodi:

72 2305 111 2331 16
131 2299 214 2332 add.
230 2300 316 2334 Keil
338 2302 342 2341 Ι
364 2300 584 2334 labinienses
602 2302 617 2346 ΙΙ
634 2308 668 2334 17
689 2301 773 2335 add.
790 2313 820 2335 m
841 2303 852 2345 Η
871 2308 908 2334 18
928 2301 992 2335 del.
1010 2301 1097 2334 Keil
1115 2303 1126 2344 Η
1146 2307 1180 2333 21
1194 2299 1374 2333 nutricare
1392 2309 1418 2331 v.

73 2346 246 2379 nutricari
265 2348 277 2390 l}
296 2353 334 2380 28
353 2348 541 2390 patiuntur
555 2349 651 2382 Keil.
691 2349 882 2392 capiuntur
900 2350 911 2393 ll
931 2355 966 2381 31
986 2348 1135 2381 nutricis
1156 2359 1200 2381 m.
1237 2346 1395 2380 nutrices
1410 2345 1425 2388 ll*
