1555 2527
54 70 109 111 72
610 72 851 108 VARRONIS

52 171 275 209 minimum
295 183 491 223 novenas,
519 184 694 223 quarum
715 173 760 211 in
779 185 927 225 pecore
947 170 1134 224 parando
1153 173 1410 212 necessariae

54 231 271 282 quattuor,
316 230 469 269 alterae
501 232 546 269 in
578 229 786 282 pascendo
819 230 1013 284 totidem3
1056 234 1270 283 praeterea
1301 243 1409 271 com-

54 290 193 328 munis
232 302 327 328 una.
390 290 450 329 ita
486 288 597 329 fiunt
635 292 825 330 omnium
862 292 1002 343 partes
1043 292 1267 330 minimum
1299 291 1409 330 octo-

0 345 40 387 13
54 350 176 401 ginta
214 350 254 388 et
291 362 392 399 una,
438 350 478 388 et
510 348 677 401 quidem
709 352 965 389 necessariae
996 364 1072 389 1100
1103 363 1266 403 parvae.
1328 351 1411 402 pri-

53 422 170 447 mum
202 410 249 447 ut
279 406 439 447 bonum
471 421 589 460 pares
622 422 760 460 pecus,
804 423 937 448 unum
970 411 1073 448 scire
1106 410 1285 462 oportet,
1329 421 1414 461 qua

55 469 189 507 aetate
233 480 442 519 quamque
484 466 686 520 pecudem
728 481 876 520 parare
925 467 1159 521 habereque
1208 467 1413 521 expediat.

54 528 196 579 itaque
227 528 273 566 in
305 525 464 566 bubulo
497 540 644 579 pecore
676 529 852 567 minoris
886 529 1038 567 emitur
1070 525 1346 580 annicula[m]
1373 528 1415 567 et

57 600 184 639 supra
215 585 355 625 decem
387 599 605 637 annorum,
638 585 750 638 quod
782 600 806 625 a
835 585 950 626 bima
981 588 1054 626 aut
1078 588 1204 626 trima
1228 586 1413 626 fructum

56 645 163 686 ferre
200 646 351 697 incipit
387 658 522 712 neque
559 645 729 697 longius
762 647 861 713 post
893 645 1099 685 decimum
1131 660 1289 686 annum
1319 659 1413 699 pro—

0 702 44 742 [4
58 704 176 745 cedit.
255 718 350 744 nam
402 707 540 757 prima
589 706 700 744 aetas
747 707 883 744 01111115
927 707 1090 757 pecoris
1142 707 1182 745 et
1231 706 1415 745 extrema

59 764 226 805 sterilis.
289 778 309 803 e
348 765 548 816 quattuor
578 762 784 816 (primis)
822 764 953 803 altera
989 778 1085 817 pars
1125 766 1188 804 est
1226 765 1414 832 cognitio

57 823 216 864 formae
248 825 374 862 unius
408 825 609 875 cuiusque
635 822 819 875 pecudis,
852 823 988 876 qualis
1017 825 1082 864 sit.
1132 825 1278 877 magni
1304 825 1415 863 enim

57 884 244 934 interest,
278 884 395 922 cuius
428 881 542 922 modi
569 895 756 935 quaeque
784 884 839 922 sit
865 882 916 922 ad
942 882 1138 923 fructum.
1186 885 1248 923 ita
1272 884 1415 936 potius

58 942 209 983 bovem
242 943 387 982 emunt
419 940 615 981 cornibus
648 940 918 995 nigrantibus
946 955 1073 995 quam
1098 941 1218 994 albis,
1249 955 1417 995 capram

60 1002 243 1054 amplam
275 1014 401 1068 quam
433 1015 617 1053 parvam,
657 1015 749 1041 sues
782 1015 956 1053 procero
990 1015 1174 1054 corpore,
1208 1001 1416 1055 capitibus

59 1063 106 1101 ut
140 1062 226 1100 sint
257 1062 410 1113 parvis,
472 1062 598 1100 tertia
628 1074 725 1113 pars
760 1062 840 1128 est,
881 1074 964 1113 quo
999 1062 1055 1101 sit
1087 1063 1263 1102 5011111110
1296 1074 1418 1114 quae-

59 1119 247 1161 rendum.
296 1119 376 1160 hoc
407 1122 579 1159 nomine
611 1121 723 1159 enim
755 1121 863 1160 asini
892 1118 1143 1173 Arcadi<ci>
1174 1122 1220 1160 in
1246 1119 1420 1160 Graecia

58 1179 288 1231 nobilitati,
319 1181 365 1219 in
396 1177 520 1218 Italia
551 1178 732 1231 Reatini,
770 1193 903 1232 usque
937 1193 983 1220 eo
1016 1182 1064 1219 ut
1094 1194 1187 1219 mea
1216 1181 1420 1220 memoria

62 1241 204 1280 asinus
249 1240 427 1279 venierit
478 1240 679 1278 sestertiis
729 1238 902 1279 milibus
954 1241 1173 1292 sexaginta
1223 1241 1263 1279 et
1311 1252 1419 1279 unae

62 1298 290 1353 quadrigae
336 1297 495 1338 Romae
545 1299 813 1338 constiterint
858 1297 1178 1352 quadringentis
1233 1297 1419 1339 milibus.

0 1353 48 1395 15
63 1359 212 1412 quarta
248 1372 344 1410 pars
385 1359 447 1397 est
485 1357 534 1397 de
564 1360 654 1397 iure
686 1359 732 1397 in
761 1357 967 1410 parando,
1011 1371 1135 1410 quem
1167 1357 1219 1398 ad
1247 1357 1421 1399 modum

63 1431 271 1471 quamque
302 1416 504 1470 pecudem
536 1419 617 1457 emi
649 1419 842 1470 oporteat
873 1418 988 1457 civili
1018 1419 1120 1458 iure.
1171 1416 1284 1470 quod
1309 1419 1420 1458 enim

63 1478 234 1517 alterius
267 1476 366 1529 fuit,
403 1476 447 1516 id
478 1478 526 1516 ut
557 1475 632 1516 fiat
662 1490 819 1530 meum,
856 1490 1025 1517 necesse
1063 1478 1125 1517 est
1163 1476 1324 1530 aliquid
1358 1478 1421 1517 in-

62 1536 286 1589 tercedere,
329 1549 465 1589 neque
508 1538 553 1576 in
598 1535 794 1576 omnibus
840 1538 941 1576 satis
987 1537 1049 1576 est
1090 1536 1310 1589 stipulatio
1349 1537 1422 1576 aut

65 1597 220 1637 solutio
252 1609 523 1635 nummorum
555 1594 607 1635 ad
637 1597 916 1636 mutationem
948 1594 1119 1636 domini.
1168 1598 1215 1635 in
1246 1597 1421 1648 emptio-

63 1654 195 1708 ne[m]
220 1655 321 1694 alias
350 1654 640 1708 stipulandum
667 1669 816 1695 sanum
842 1668 942 1707 esse,
969 1655 1070 1694 alias
1098 1669 1119 1695 e
1139 1668 1241 1695 sano
1261 1668 1421 1708 pecore,

0 1710 50 1751 16
66 1715 168 1755 alias
200 1716 409 1754 neutrum.
473 1714 626 1754 alterae
657 1716 796 1767 partes
830 1716 1031 1767 quattuor
1064 1716 1174 1766 sunt,
1213 1728 1307 1754 cum
1337 1716 1422 1754 iam

66 1776 231 1826 emeris,
277 1773 574 1825 observandae,
614 1773 662 1813 de
694 1775 904 1826 pastione,
938 1773 987 1813 de
1018 1773 1172 1826 fetura,
1210 1772 1259 1813 de
1290 1775 1423 1813 nutri-

67 1836 174 1886 catu,
208 1833 256 1873 de
290 1835 478 1873 sanitate.
541 1833 739 1886 pascendi
769 1835 931 1886 primus
964 1833 1081 1873 locus
1115 1835 1188 1886 qui
1220 1834 1294 1885 est,
1333 1834 1421 1873 eius

66 1895 175 1934 ratio
219 1893 396 1967 tripleX,
446 1895 491 1932 in
519 1885 624 1945 ‘qua
673 1894 845 1946 regione
895 1905 1103 1945 quamque
1152 1894 1422 1946 potissimum

186 1991 201 2017 1
216 1984 411 2017 minimum
428 1985 483 2018 Kc
478 1985 524 2018 il
545 1984 736 2018 hominum
749 1983 761 2030 ,Ι
775 1990 792 2017 5
808 1995 861 2027 sq.
870 1994 942 2028 pro
954 1995 1070 2016 unum
1083 1984 1207 2018 scribit
1221 1987 1425 2028 unampost

69 2034 185 2066 aetate
211 2032 383 2066 traiciens
405 2032 491 2066 Kezl
510 2034 520 2076 ΙΙ
542 2039 556 2064 7
585 2033 717 2065 emitur
737 2031 906 2065 annicula
926 2031 1128 2066 Iucundus.
1168 2031 1300 2075 emptis
1320 2030 1422 2064 anni-

70 2080 187 2113 culam
208 2081 219 2122 ΙΙ
239 2086 271 2112 11
297 2079 435 2113 sterelis
459 2080 463 2124 l
485 2081 602 2124 suppl.
631 2080 718 2114 Keil
736 2081 747 2124 1}
767 2086 803 2112 13
829 2079 881 2112 ita
904 2078 1028 2122 potius
1064 2078 1202 2121 (itaque
1227 2078 1349 2122 potius
1382 2078 1423 2120 V,

68 2128 121 2161 ita
156 2127 279 2171 potius
316 2127 401 2161 libra·
438 2138 551 2161 manu
588 2128 716 2170 scripti
753 2128 884 2170 omnes)
917 2128 928 2170 Η
958 2132 993 2159 17
1028 2126 1112 2160 add.
1146 2137 1167 2160 v
1198 2137 1242 2160 ex
1267 2125 1425 2171 Pliniou

69 2182 105 2208 21
131 2174 346 2218 imparando
379 2177 389 2218 Η
418 2181 455 2207 25
484 2175 624 2208 domini
658 2175 746 2208 Vw'ct.
774 2179 807 2209 et
828 2174 992 2217 plurima
1018 2174 1242 2218 apoyrapha,
1269 2172 1424 2207 dominii

78 2223 112 2257 V
137 2223 148 2265 1}
180 2228 218 2254 2ss
251 2222 317 2256 del.
344 2234 378 2256 »ιη
401 2223 405 2265 1
429 2233 558 2255 sanum
597 2222 763 2256 Ursinus.
815 2221 937 2255 statim
972 2223 976 2263 Ι
1009 2231 1131 2254 recore
1163 2222 1306 2264 (pecore
1338 2220 1372 2255 V
1392 2224 1426 2254 et

69 2269 249 2304 ‘nonnulla
278 2270 503 2314 apoyrapha)
523 2271 534 2313 ΙΙ
554 2276 589 2302 27
617 2271 788 2303 neutrum
814 2269 910 2304 Keil.
949 2270 1077 2302 neutro
1096 2269 1108 2313 ΙΙ
1127 2274 1166 2301 2⁹
1190 2268 1331 2312 primus
1351 2279 1423 2302 mv.

71 2317 231 2362 primum
251 2319 262 2361 Η

1434 716 1468 741 10

1437 1013 1470 1039 15

1439 1311 1474 1336 20

1442 1906 1477 1932 30
