1560 2407
576 56 578 59 -
610 33 877 67 PRAEFATIO
981 86 984 89 ι
1366 33 1418 68 IX

68 139 181 174 tores
217 135 279 173 rei
309 134 487 173 rusticae
521 147 611 172 cum
642 133 912 171 adnotatione
951 136 994 171 et
1031 136 1233 183 apparatu
1272 133 1417 171 critico-

69 195 221 233 ederet.
282 205 376 231 nam
415 205 517 244 quae
556 193 607 230 ad
646 192 975 231 emendationem
1012 193 1101 242 ipse
1137 192 1329 239 contulit,
1369 204 1416 230 ea

68 253 202 292 omnia
232 252 320 291 fere
351 253 393 290 in
425 252 763 290 adnotationibus
790 252 985 290 subiectis
1021 252 1255 301 proposuit,
1290 251 1415 304 verba

65 313 156 363 ipsa
179 311 320 362 paucis
346 311 447 350 locis
472 311 660 349 mutavit.
700 310 751 348 ad
772 310 946 349 Gesneri
969 310 1194 348 editionem
1215 310 1417 348 Schnei-

66 371 212 409 derus
238 382 281 409 se
308 370 644 418 accommodavit,
677 371 745 420 qui
771 383 805 407 a.
834 371 946 408 1794
973 370 1048 407 hos
1075 370 1298 419 scriptores
1327 381 1417 406 cum

66 430 359 469 commentario
386 429 537 478 edidit,
573 429 805 468 eruditione
833 432 875 467 et
900 429 1073 467 scientia
1097 441 1235 467 rerum
1261 428 1418 478 optime

65 489 117 528 ad
142 501 232 527 eam
257 501 344 527 rem
366 492 546 539 paratus,
572 488 646 527 sed
665 501 793 538 prava
811 488 961 526 fiducia
980 491 1168 526 veterum
1189 488 1417 526 editionum

65 550 161 587 ante
186 548 417 586 Victorium
447 549 739 598 impressarum
770 560 893 598 saepe
924 548 967 585 in
1000 560 1181 585 errorem
1212 547 1418 587 inductus.

181 607 244 645 Ex
268 607 318 645 iis
345 608 414 658 qui
439 610 606 657 praeter
629 606 809 645 editores
831 607 1109 645 emendationi
1130 607 1275 644 horum
1295 606 1419 644 libro-

63 679 153 704 rum
173 678 341 716 operam
361 666 565 704 dederunt
584 666 760 716 primum
777 666 1024 704 Adrianus
1045 665 1299 704 Turnebus
1321 668 1417 702 ante

62 725 238 764 Victorii
263 725 488 764 editionem
513 725 731 764 nonnullos
751 725 946 764 Varronis
973 726 1085 763 locos
1110 726 1152 762 in
1172 724 1419 762 adversariis

63 785 260 823 tractavit
304 787 346 823 et
394 784 593 835 quaedam
636 784 910 834 probabiliter
953 784 1200 822 emendavit.
1268 782 1417 821 deinde

62 843 304 893 Iosephus
344 843 584 894 Scaliger,
630 845 743 882 cuius
787 847 911 882 notae
954 844 996 883 in
1036 843 1233 882 Varronis
1278 842 1329 880 de
1372 854 1420 880 re

62 903 218 941 rustica
242 903 369 942 libros
394 903 436 941 in
464 903 645 941 editione
668 903 855 941 Parisina
881 916 914 941 a.
939 904 1049 941 1569
1078 903 1254 953 primum
1281 901 1418 940 editae

63 965 175 1011 sunt,
219 961 466 1000 lectionibus
499 975 522 1000 a
547 963 732 1001 Victorio
767 975 815 1000 ex
840 963 1049 1000 Marciano
1078 962 1218 1000 codice
1243 961 1418 1011 prolatis

62 1033 159 1059 usus
190 1021 233 1059 in
266 1022 470 1072 corruptis
496 1022 633 1060 verbis
661 1021 925 1060 emendandis
951 1022 1172 1072 plurimum
1199 1033 1349 1071 operae
1376 1024 1420 1058 ct

63 1080 191 1119 studii
217 1080 446 1129 collocavit,
472 1081 545 1119 sed
570 1081 696 1119 nimio
718 1081 894 1132 quodam
915 1081 1039 1131 prisci
1059 1081 1258 1119 sermonis
1279 1079 1419 1118 studio

65 1141 209 1190 captus
236 1142 279 1178 et
303 1140 527 1178 artificioso
555 1140 719 1178 dicendi
739 1152 892 1190 genere
913 1140 1142 1179 delectatus
1163 1151 1294 1190 pauca
1314 1151 1419 1189 quae

63 1199 232 1250 probari
269 1211 368 1238 sano
406 1199 557 1238 iudicio
596 1202 768 1250 possent
811 1200 998 1250 protulit.
1054 1200 1223 1238 Fulvii
1248 1198 1420 1237 Ursini

63 1260 188 1296 notae
215 1258 266 1296 ad
291 1258 519 1297 Varronem
543 1259 700 1297 Romae
732 1272 767 1296 a.
796 1260 907 1297 1587
943 1259 1079 1297 editae
1109 1262 1216 1296 sunt.
1265 1258 1300 1296 is
1328 1269 1419 1295 cum

63 1316 260 1355 Varronis
287 1330 517 1356 sermonem
543 1318 691 1368 glossis
719 1321 762 1356 et
786 1318 1178 1368 interpolationibus
1201 1317 1420 1355 vehemen-

63 1378 129 1414 ter
155 1379 394 1426 corruptum
421 1389 509 1416 esse
535 1378 614 1416 sibi
639 1378 928 1427 persuasisset,
960 1377 1003 1415 id
1034 1378 1208 1415 maxime
1236 1377 1340 1426 egit,
1372 1378 1420 1414 ut

63 1435 127 1473 his
153 1435 463 1485 additamentis,
496 1449 598 1487 quae
632 1436 797 1487 quidem
828 1437 1046 1487 indagasse
1075 1437 1154 1475 sibi
1180 1436 1290 1474 visus
1317 1438 1420 1483 erat,

63 1495 234 1533 remotis
261 1496 484 1545 genuinum
507 1496 720 1546 scriptoris
742 1509 972 1534 sermonem
992 1497 1246 1534 restitueret.
1279 1507 1358 1545 qua
1376 1495 1419 1532 in

63 1565 108 1592 re
135 1566 380 1605 quamquam
405 1555 677 1593 immoderata
702 1555 871 1594 licentia
895 1568 991 1594 usus
1018 1555 1234 1606 permulta,
1262 1554 1311 1592 de
1333 1554 1419 1605 qui-

63 1612 140 1651 bus
160 1614 272 1651 nulla
291 1613 496 1653 dubitatio
519 1626 607 1652 esse
629 1614 819 1662 debebat,
840 1614 1005 1659 delevit,
1025 1618 1164 1652 tamen
1184 1613 1286 1652 illud
1305 1615 1418 1651 recte

62 1672 285 1720 intellexit,
316 1673 470 1711 iustum
502 1674 722 1712 verborum
755 1674 940 1712 ordinem
971 1675 1134 1724 saepius
1160 1672 1418 1723 interpositis

64 1731 236 1781 singulis
262 1732 416 1781 verbis,
450 1745 552 1784 quae
579 1746 602 1771 a
628 1733 812 1771 Varrone
839 1734 963 1772 scribi
988 1746 1072 1771 non
1097 1735 1311 1783 poterant,
1345 1730 1420 1769 sed

66 1803 205 1829 errore
240 1791 501 1830 librariorum
540 1792 680 1830 addita
718 1796 832 1840 sunt,
869 1793 912 1830 in
949 1805 1071 1830 manu
1103 1792 1268 1842 scriptis
1303 1791 1418 1829 libris

64 1850 352 1901 perturbatum
390 1863 490 1890 esse.
543 1852 692 1902 longae
726 1855 769 1890 et
801 1851 994 1900 diffusae,
1031 1851 1105 1889 sed
1137 1863 1281 1901 parum
1312 1850 1419 1888 fruc-

64 1913 209 1948 tuosae
235 1913 332 1948 sunt
357 1909 660 1960 disputationes
680 1911 799 1949 Iulii
817 1911 1131 1949 Pontederae
1157 1911 1199 1948 in
1227 1907 1467 1960 ‘antiqui-X

63 1971 198 2007 tatum
211 1969 430 2007 latinarum
450 1982 770 2021 graecarumque
791 1965 1118 2008 enarrationibus
1139 1973 1262 2020 atque
1284 1981 1420 2007 emen-

65 2025 317 2066 dationibus'
337 2028 500 2067 Patavii
520 2042 554 2067 a.
573 2031 591 2066 1
603 2031 684 2067 740
707 2029 840 2078 editis,
862 2030 1008 2080 quibus
1028 2030 1070 2066 in
1090 2030 1232 2079 primis
1248 2027 1418 2066 Catonis

66 2090 110 2126 et
133 2087 329 2126 Varronis
361 2087 488 2126 libros
521 2089 720 2138 singulari
753 2088 956 2127 industria
981 2089 1188 2126 illustrare
1215 2091 1258 2126 et
1284 2099 1419 2125 emen-

66 2146 163 2184 dare
189 2146 360 2185 studuit.
404 2147 478 2185 sed
502 2161 554 2186 ne
580 2151 722 2186 nostra
749 2148 913 2199 quidem
934 2151 1083 2195 aetate,
1110 2148 1347 2198 priusquam
1366 2144 1420 2183 ad

65 2206 349 2256 incorruptum
387 2207 615 2257 scripturae
652 2207 812 2245 fontem
849 2207 985 2245 aditus
1026 2207 1258 2257 patefactus
1298 2208 1419 2252 esset,

67 2264 241 2303 multum
277 2265 423 2315 profici
456 2266 498 2303 in
534 2266 820 2304 emendatione
855 2266 1002 2304 horum
1036 2266 1234 2303 librorum
1268 2264 1419 2314 potuit,
