1560 2506
404 89 572 124 RERVM
595 88 902 123 RVSTICARVM
925 88 1011 122 LIB.
1031 88 1062 121 Π
1089 91 1108 121 5
1373 86 1429 127 93

75 184 266 239 [t]helvo,
299 188 448 240 quarto
481 185 595 227 albo:
626 187 901 226 mollissimus
935 187 1047 225 enim
1073 185 1153 236 1110,
1185 186 1234 224 ut
1260 184 1430 224 durissi-

74 259 167 285 mus
208 248 381 299 primus.
443 245 492 285 de
530 245 677 285 mediis
720 244 882 285 duobus
915 247 1032 297 prior
1064 257 1189 297 quam
1220 243 1469 296 posterior9

73 306 120 344 in
152 318 199 345 eo
231 307 358 357 prior,
391 306 559 357 utrique
589 305 731 357 plures
765 318 891 357 quam
921 305 1036 356 nigri
1068 305 1108 343 et
1140 302 1236 342 albi.
1292 316 1427 354 neque

74 377 162 404 non
199 365 412 417 praeterea
446 365 494 403 ut
524 377 658 403 mares
693 365 862 403 seminis
895 362 997 403 boni
1030 364 1131 414 sint,
1177 375 1357 414 quorum
1387 363 1429 401 et

37 440 52 465 5
73 422 209 462 forma
246 425 308 462 est
346 422 591 475 spectanda,
637 425 677 462 et
718 425 789 475 qui
828 436 877 462 ex
914 422 979 461 his
1014 424 1096 461 orti
1129 423 1227 460 sunt
1258 434 1429 473 respon-

73 481 173 521 dent
210 481 261 521 ad
296 483 520 534 parentum
553 484 749 535 speciem3
792 483 832 520 et
863 483 1076 534 praeterea
1108 482 1260 533 quibus
1293 481 1428 532 regio-

71 540 196 580 nibus
227 542 318 580 nati
350 543 435 580 sint
466 540 604 581 refert.
654 540 756 581 boni
788 542 899 580 enim
930 542 1095 594 generis
1122 541 1167 579 in
1193 538 1317 579 Italia
1342 539 1427 591 ple-

71 602 190 652 rique
222 598 374 640 Gallici
406 599 457 640 ad
489 614 612 652 opus,
653 602 798 640 contra
828 602 1028 652 nugatori
1060 597 1249 651 Ligusci3
1293 600 1427 637 trans·
1444 596 1500 638 10

71 661 225 698 marini
262 658 471 712 Epirotici
508 673 596 699 non
634 660 772 699 solum
811 659 1004 699 meliores
1049 660 1179 698 totius
1220 656 1427 707 Graeciae,

17 736 52 760 xo
73 717 145 758 Sed
188 720 314 758 etiam
359 731 485 771 quam
522 717 680 758 Italiae.
742 720 910 758 tametsi
954 717 1124 770 quidam
1169 716 1217 756 de
1255 715 1427 767 Italicis,

70 789 176 829 quos
232 779 406 830 propter
461 777 781 830 amplitudinem
835 779 1047 830 praestare
1103 775 1265 827 dicunt,
1328 774 1426 828 [ad]

69 838 260 876 victimas
305 837 467 876 faciunt
510 839 634 890 atque
679 836 729 876 ad
774 836 947 877 deorum
991 837 1158 875 servant
1208 835 1426 887 supplicia,

70 897 144 948 qui
183 898 273 936 sine
312 895 439 936 dubio
479 895 529 936 ad
562 910 625 936 res
660 895 821 935 divinas
854 897 1028 948 propter
1060 894 1312 948 dignitatem
1344 908 1427 933 am-

68 954 292 1007 plitudinis
332 957 373 995 et
410 955 563 995 coloris
601 955 898 1008 praeponendi.
961 954 1074 1007 quod
1112 968 1159 994 eo
1198 956 1333 1007 magis
1366 952 1425 1003 fit,

17 1031 50 1056 15
71 1013 182 1066 quod
223 1013 308 1053 albi
343 1017 389 1054 in
420 1013 545 1054 Italia
580 1028 668 1054 non
705 1017 793 1054 tam
824 1014 1062 1067 frequentes
1105 1027 1232 1066 quam
1264 1010 1425 1066 [quam]

69 1075 116 1112 in
146 1072 326 1113 Thracia
357 1073 409 1113 ad
439 1072 604 1126 μέλανα
635 1073 820 1125 κόλπον,
865 1073 939 1113 ubi
984 1074 1066 1113 3110
1114 1073 1252 1112 001010
1290 1074 1426 1124 pauci.

70 1146 140 1172 eos
167 1146 261 1172 cum
287 1135 462 1172 emimus
491 1132 683 1184 domitos,
717 1133 971 1186 stipulamur
998 1135 1073 1172 sic:
1108 1132 1267 1171 ‘illosce
1299 1131 1425 1171 boves

70 1205 194 1232 sanos
227 1205 315 1232 esse
346 1194 552 1245 noxisque
583 1192 821 1245 praestari’3
855 1206 949 1232 cum
981 1194 1157 1231 emimus
1184 1190 1425 1241 indomitos,
1444 1190 1495 1230 11

70 1253 146 1290 51οε
192 1249 352 1291 ‘illosce
395 1253 593 1291 iuvencos
640 1265 763 1291 sanos
808 1253 918 1291 recte
963 1250 1094 1303 deque
1133 1264 1281 1303 pecore
1324 1263 1425 1289 sano

14 1326 50 1351 20
71 1323 160 1349 esse
199 1312 404 1363 noxisque
442 1313 647 1363 praestari
686 1310 966 1363 spondesne?'
1035 1310 1162 1363 paulo
1207 1309 1424 1349 verbosius

68 1368 181 1421 haec,
214 1371 286 1422 qui
311 1368 461 1409 Manili
487 1372 670 1410 actiones
705 1368 765 1421 (p.
785 1372 845 1411 27
865 1368 958 1423 ΒΓ.)
987 1371 1185 1410 secuntur
1211 1369 1326 1420 lanii,
1353 1370 1427 1421 qui

69 1427 120 1467 ad
155 1428 338 1468 cultrum
367 1428 516 1469 bovem
548 1431 709 1469 emunt:
743 1432 815 1482 qui
848 1429 899 1469 ad
931 1429 1091 1481 altaria,
1124 1428 1286 1468 hostiae
1319 1430 1428 1467 sani-

67 1489 199 1527 tatem
235 1501 323 1528 non
356 1486 561 1541 sol[u]ent
594 1489 800 1541 stipulari.

186 1545 424 1587 Pascuntur
471 1550 659 1587 armenta
702 1547 1039 1588 commodissime
1082 1549 1128 1586 in
1169 1545 1427 1597 nemoribus,

15 1621 49 1646 25
70 1604 144 1645 ubi
187 1607 374 1659 virgulta
420 1608 461 1646 et
509 1607 625 1647 frons
676 1607 828 1647 multa:
878 1606 1013 1647 hieme
1063 1620 1158 1646 cum
1201 1605 1427 1645 hibernant

71 1664 299 1709 secundum
330 1679 460 1718 mare,
505 1668 622 1705 aestu
655 1666 885 1720 abiguntur
916 1668 962 1705 in
992 1667 1157 1705 montes
1190 1664 1425 1704 frondosos.

68 1726 242 1777 propter
279 1724 459 1764 feturam
496 1724 596 1765 haec
636 1740 797 1766 servare
831 1725 956 1765 soleo.
1020 1727 1115 1764 ante
1148 1723 1425 1764 admissuram
1443 1722 1497 1762 12

68 1796 256 1823 mensem
292 1797 426 1823 unum
462 1797 515 1824 ne
553 1784 646 1824 cibo
686 1787 726 1824 et
766 1787 939 1838 potione
973 1797 1014 1823 se
1046 1784 1268 1836 impleant,
1314 1782 1427 1836 quod

72 1844 368 1882 existimantur
401 1843 567 1883 facilius
606 1858 767 1884 macrae
806 1846 1035 1896 concipere.
1097 1845 1244 1883 contra
1280 1844 1424 1882 tauros

15 1916 51 1941 30
71 1900 233 1941 duobus
272 1902 487 1942 mensibus
527 1905 623 1943 ante
665 1902 941 1942 admissuram
977 1901 1108 1942 herba
1145 1904 1185 1942 et
1221 1901 1342 1954 palea
1380 1915 1426 1941 ac

70 1959 192 2000 faeno
243 1960 350 2001 facio
400 1962 610 2014 pleniores
662 1965 702 2002 et
746 1976 770 2002 a
812 1956 979 2001 feminis
1031 1974 1212 2001 secerno,
1290 1960 1424 2000 habeo

187 2094 204 2120 1
229 2087 338 2121 heluo
364 2099 395 2123 v.
446 2088 638 2132 1110100113
664 2089 702 2122 in
728 2099 770 2122 eo
795 2089 896 2132 prior
921 2088 986 2122 del.
1015 2088 1113 2122 Keil.
1156 2087 1278 2122 ‘mendi
1302 2092 1426 2122 notam

71 2134 276 2178 adpositam
307 2147 377 2170 esse
403 2136 592 2170 adnotavit
626 2136 808 2170 Victorius
832 2137 843 2180 ΙΙ
871 2143 889 2169 4
915 2146 1033 2169 mares
1059 2147 1093 2169 m
1104 2147 1132 2169 υ.
1184 2135 1276 2168 mari
1311 2138 1314 2176 1
1351 2135 1423 2167 sint

70 2193 143 2216 mv.
194 2185 277 2216 sunt
295 2184 306 2226 Η
328 2189 342 2215 7
371 2183 442 2216 sint
469 2184 504 2218 G*
529 2183 572 2217 F.
602 2183 658 2217 W.
684 2184 849 2218 illueller.
901 2185 1014 2226 51111111
1034 2189 1052 2216 8
1078 2182 1224 2226 Ligusci
1252 2182 1422 2227 Scaliyer.

70 2229 198 2272 ligusti
217 2231 228 2272 ΙΙ
247 2236 280 2262 11
307 2230 373 2264 del.
395 2230 588 2265 Schneider
607 2232 618 2274 ΙΙ
636 2237 673 2263 15
699 2231 763 2265 dul.
788 2230 874 2264 Keil
893 2232 904 2274 ΙΙ
923 2237 959 2264 18
984 2231 1029 2273 cf.
1057 2231 1106 2264 ad
1131 2232 1242 2271 85,27
1262 2231 1272 2273 Η
1292 2236 1327 2262 21
1347 2229 1423 2262 Μ3-

72 2276 153 2309 nilii
179 2277 337 2310 actiones
364 2289 394 2311 v.
445 2278 586 2311 mamili
625 2278 865 2321 actionis1123
897 2279 962 2312 del.
990 2289 1052 2312 mv
1071 2280 1083 2321 u
1103 2284 1140 2310 26
1167 2277 1365 2321 abiguntur
1390 2288 1421 2310 v.

73 2322 268 2367 abigantur
286 2325 298 2368 ΙΙ
316 2330 354 2357 29
381 2324 632 2358 existimantur
658 2325 898 2368 (existimatur
931 2326 977 2369 V)
998 2327 1009 2369 ΙΙ
