1555 2527
89 89 150 130 74
651 89 892 125 VARRONIS

91 185 343 241 Olisip[p]o,
386 190 529 228 monte
561 187 699 242 Tagro
739 191 941 241 quaedam
982 204 1002 229 e
1040 191 1164 230 vento
1204 189 1450 241 concipiunt

90 249 204 288 certo
249 249 437 301 tempore
481 262 626 301 equae,
671 250 718 287 ut
762 247 829 288 hie
872 249 1055 302 gallinae
1094 262 1261 301 quoque
1300 247 1449 300 solent,

90 320 268 359 quarum
314 321 393 347 ova
435 306 686 360 hypenemia
730 308 956 360 appellant.
1020 307 1092 347 sed
1136 322 1184 347 ex
1223 306 1287 346 his
1330 308 1448 359 equis

91 368 165 418 qui
196 368 286 406 nati
319 366 438 419 pulli,
479 381 566 407 non
599 367 694 419 plus
727 368 957 407 triennium
989 369 1149 407 vivunt.
1213 380 1318 419 quae
1349 367 1450 406 nata

91 427 191 465 sunt
230 427 396 465 matura
440 428 480 466 et
524 425 664 478 corda,
709 428 757 465 ut
800 440 904 479 pure
943 428 983 466 et
1020 427 1206 466 molliter
1247 427 1359 465 stent
1389 426 1449 465 vi-

90 483 273 524 dendum
317 487 358 524 et
399 499 452 524 ne
498 485 754 525 obterantur.
818 485 1015 525 dicuntur
1054 488 1153 539 agni
1196 484 1328 536 cordi,
1373 485 1448 537 qui

90 546 189 596 post
232 546 397 597 tempus
443 547 677 584 naseuntur
721 558 766 584 ac
805 547 1095 584 remanserunt
1133 547 1179 584 in
1219 545 1354 584 volvis
1386 546 1448 583 in·

12 603 75 644 ⁴20
90 605 205 643 timis
241 618 308 639 *re*
342 606 495 643 vocant
527 603 713 655 ehorion,
748 617 771 642 a
803 618 885 656 quo
920 603 1034 644 cordi
1061 604 1274 657 appellati.
1324 605 1450 644 tertia

89 676 154 702 res
188 665 261 715 est,
293 662 394 715 (in)
425 665 639 703 nutricatu
673 676 778 715 quae
811 663 1024 703 observari
1057 665 1260 716 oporteat,
1292 665 1338 703 in
1363 676 1448 715 quo

90 724 196 775 quot
240 721 384 762 diebus
429 724 575 762 matris
623 725 778 775 sugant
815 736 1040 762 mammam
1079 725 1119 762 et
1154 722 1198 762 id
1230 736 1313 775 quo
1346 724 1447 762 tem-

88 795 190 834 pore
224 783 263 820 et
296 781 385 834 ubi3
431 783 472 821 et
503 784 538 821 si
570 796 720 834 parum
752 781 879 821 habet
910 782 1030 821 laetis
1063 784 1212 833 mater,
1257 784 1305 821 ut
1338 781 1448 821 subi-

89 842 173 880 ciat
205 840 282 880 sub
316 841 487 880 alterius
514 855 749 892 mammam,
784 843 856 893 qui
883 841 1151 894 appellantur
1178 839 1447 894 sub[g]rumi,

87 899 131 939 id
176 902 238 939 est
284 900 360 939 sub
404 914 596 940 mamma.
660 902 834 953 antiquo
875 903 986 940 enim
1023 900 1228 940 vocabulo
1267 914 1449 940 mamma

88 961 237 1010 rumis,
277 961 325 998 ut
357 962 520 1012 opinor.
581 959 667 999 fere
699 959 751 999 ad
783 962 983 1012 quattuor
1014 973 1177 1000 menses
1211 974 1235 999 a
1265 973 1448 1000 mamma

86 1032 175 1058 non
214 1017 497 1072 diiunguntur
529 1021 645 1072 agni,
690 1018 811 1059 haedi
844 1021 946 1071 tres,
991 1021 1109 1072 porei
1141 1018 1235 1059 duo.
1298 1033 1319 1059 e
1351 1021 1446 1072 quis

88 1079 161 1130 qui
193 1080 277 1117 iam
308 1081 405 1131 puri
438 1080 538 1118 sunt
569 1078 620 1118 ad
654 1078 916 1130 sacrificium,
949 1080 996 1118 ut
1027 1078 1311 1131 immolentur,
1344 1079 1448 1119 olim

87 1137 289 1190 appellati
311 1152 457 1190 sacres,
478 1151 583 1191 quos
605 1139 790 1191 appellat
810 1136 987 1177 Plautus
1003 1135 1136 1191 (Blera.
1151 1137 1258 1190 290)
1273 1151 1368 1178 011111
1388 1139 1448 1178 ait

89 1195 253 1249 ‘quanti
281 1199 380 1236 sunt
405 1199 523 1250 porci
552 1197 731 1238 saereSP'
779 1199 837 1237 sic
862 1196 989 1238 boves
1015 1198 1151 1237 altiles
1172 1197 1224 1237 ad
1245 1197 1448 1238 sacrificia

10 1256 259 1309 21publjea
292 1259 475 1310 saginati
507 1256 704 1297 dicuntur
736 1255 934 1310 op[t]imi.
995 1259 1144 1310 quarta
1174 1271 1270 1310 pars
1303 1258 1366 1297 est
1397 1256 1447 1298 de

1486 439 1502 466 5

1469 739 1501 764 10

1469 1034 1500 1060 15

87 1317 284 1367 sanitate,
328 1330 393 1356 res
426 1316 651 1369 multiplex
683 1330 729 1356 ae
760 1318 1012 1368 necessaria,
1057 1315 1171 1369 quod
1201 1315 1447 1357 morbosum
1466 1331 1500 1356 20

85 1389 212 1428 pecus
247 1377 309 1415 est
340 1377 553 1427 vitiosum,
586 1378 626 1415 et
652 1375 853 1429 quoniam
877 1389 965 1416 non
990 1376 1112 1428 valet,
1146 1389 1268 1429 saepe
1292 1389 1448 1429 magna

86 1434 341 1475 adficiuntur
391 1436 639 1475 calamitate.
720 1438 837 1476 euius
896 1437 1092 1475 scientiae
1147 1449 1303 1489 genera
1350 1435 1446 1488 duo,

85 1496 134 1534 ut
171 1496 216 1534 in
253 1493 441 1546 homine,
486 1509 619 1534 unum
657 1494 708 1534 ad
740 1508 845 1548 quae
878 1494 1103 1534 adhibendi
1134 1494 1302 1547 medici,
1346 1495 1446 1535 alte-

85 1568 180 1593 rum
224 1567 330 1606 quae
372 1556 463 1606 ipse
508 1556 634 1594 etiam
676 1557 823 1607 pastor
867 1553 1046 1608 diligens
1091 1553 1248 1594 mederi
1296 1556 1445 1608 possit.

85 1615 175 1652 eius
221 1615 360 1666 partes
407 1615 506 1653 sunt
549 1615 645 1653 tres.
719 1628 816 1653 nam
862 1613 1293 1665 animadvertendum,
1338 1627 1444 1667 quae
1464 1628 1498 1654 25

86 1675 289 1725 cuiusque
326 1671 464 1712 morbi
504 1675 559 1713 sit
597 1687 739 1725 causa,
784 1687 972 1726 quaeque
1011 1675 1134 1726 signa
1171 1687 1313 1713 earum
1351 1687 1444 1713 cau-

87 1746 226 1771 sarum
261 1734 356 1784 sint,
390 1734 430 1771 et
462 1746 567 1785 quae
594 1746 800 1785 quemque
825 1732 1020 1772 morbum
1046 1731 1243 1785 [cu]ratio
1270 1731 1445 1773 curandi

8 1789 71 1830 22
87 1793 205 1844 sequi
244 1790 401 1831 debeat.
464 1792 549 1832 fere
585 1791 830 1832 morborum
869 1805 1016 1832 causae
1057 1794 1196 1844 erunt,
1242 1791 1355 1845 quod
1385 1792 1443 1831 la-

85 1849 238 1891 borant
263 1852 436 1903 propter
462 1854 600 1892 aestus
629 1853 702 1891 aut
726 1853 899 1904 propter
917 1851 1089 1904 frigora,
1114 1865 1191 1891 nee
1209 1865 1298 1892 non
1316 1853 1443 1892 etiam

204 1961 219 1986 1
247 1953 378 1997 olisipo
414 1955 489 1988 cod.
530 1955 633 1989 Flor.
702 1955 857 1998 obsippo
895 1956 906 1997 ΙΙ
943 1961 961 1988 3
1000 1953 1186 1998 ὑπηνέμια
1218 1955 1441 1989 Politianus.

85 2001 293 2035 ianenemia
320 2001 515 2044 <innenemi
542 2003 769 2048 apuyrapha)
794 2008 797 2037 1
820 2002 1007 2046 appellant
1032 2002 1258 2047 (φορναρῖια.
1317 2002 1442 2046 appel-

84 2048 211 2082 labant
246 2049 324 2083 Pol.
351 2051 362 2092 ΙΙ
391 2055 408 2081 8
435 2051 502 2083 lac.
530 2050 674 2084 indicat
699 2050 787 2084 Keil
805 2051 816 2094 Η
835 2056 854 2082 9
892 2050 975 2084 add.
1006 2050 1092 2084 Keil
1114 2052 1118 2092 1
1142 2060 1236 2092 quae
1261 2060 1292 2084 v.
1344 2048 1440 2095 qua!

84 2096 273 2130 obseruari
310 2097 509 2139 (adseruari
538 2098 630 2137 Pol„
663 2097 850 2131 obseruari
882 2098 969 2132 libri
994 2108 1107 2131 manu
1132 2097 1261 2141 scripti
1285 2096 1443 2144 omnes-NJ

85 2148 122 2176 1'0
150 2145 250 2187 quot]
279 2144 464 2187 quodum
492 2145 556 2179 del.
586 2145 793 2179 Beroaldus
812 2147 823 2188 ll
842 2151 878 2177 16
905 2145 969 2187 qui
996 2145 1069 2178 iam
1094 2145 1178 2188 puri
1204 2144 1256 2178 ed.
1279 2145 1440 2189 Hert-(19.

84 2191 260 2234 quoniam
298 2191 378 2234 pori
417 2194 427 2235 ΙΙ
464 2198 500 2224 19
533 2193 598 2226 del.
638 2193 831 2226 Iucumlus
868 2194 879 2236 ΙΙ
916 2199 955 2225 20
991 2191 1208 2236 multiplexa
1237 2193 1443 2226 necessaria

85 2239 291 2281 (multiplex
317 2249 359 2272 ae
384 2239 588 2272 necessaria
608 2240 700 2274 Pom
721 2242 789 2281 1123
815 2240 853 2273 in
879 2239 1066 2273 hominem
1093 2239 1144 2282 (in
1173 2239 1322 2273 homine
1354 2250 1442 2284 apo—

82 2286 229 2331 grapha
265 2286 477 2329 recentiora)
514 2288 517 2329 Ι
553 2298 646 2329 quae
686 2287 782 2322 Keil.
847 2298 957 2330 quem
998 2288 1001 2332 Ι
1042 2287 1196 2320 alterum
1236 2287 1439 2322 [mundus.

80 2333 199 2367 altera
218 2335 229 2378 ΙΙ
249 2340 286 2366 ‘24
312 2335 437 2377 pastor
463 2345 494 2368 m
507 2346 534 2368 r.
584 2334 696 2368 fastor
715 2336 726 2379 Η
746 2341 782 2367 27
810 2335 876 2369 del.
902 2335 1094 2369 Iucundus
1112 2335 1124 2378 ΙΙ
1144 2340 1181 2367 29
1206 2333 1347 2378 frigura
1364 2337 1376 2379 ΙΙ
