1560 2506
369 110 538 145 RERVM
560 108 867 144 RVSTICARVM
890 108 975 143 LIB.
994 109 1044 143 111
1067 112 1158 144 3-5
1353 110 1437 161 123

81 205 314 262 inutilius),
359 210 400 248 et
437 222 485 247 ex
517 209 574 247 eis
609 206 762 246 caduca
793 220 899 259 quae
930 206 1116 247 abundat
1146 220 1221 260 per
1251 207 1438 248 fistulam

83 270 211 320 exire,
251 281 304 308 ne
347 267 437 307 luto
483 280 577 306 aves
621 265 825 305 laborent.
897 268 1053 306 ostium
1089 265 1241 306 habere
1279 266 1479 309 humile3

84 328 125 367 et
156 329 385 380 angustum
416 327 456 365 et
486 327 756 378 potissimum
787 326 874 364 eius
907 327 1084 378 generis,
1119 324 1232 378 quod
1264 326 1438 366 cocliam

84 386 310 439 appellant,
343 386 391 425 ut
423 385 530 425 solet
561 398 650 424 esse
681 386 726 423 in
758 397 891 435 cavea,
923 386 969 424 in
1001 397 1083 437 qua
1108 386 1219 424 tauri
1247 399 1437 438 pugnare

47 460 63 486 5
85 445 238 485 solent:
287 444 489 484 fenestras
534 457 666 495 raraS‚
716 457 790 495 per
834 456 936 496 quas
980 457 1068 483 non
1110 442 1331 484 videantur
1373 459 1438 484 ex-

82 505 287 544 trinsecus
331 502 498 543 arbores
543 504 616 542 aut
659 516 771 554 aveS,
817 501 930 555 quod
974 516 1116 543 earum
1159 506 1350 556 aspectus
1390 517 1437 544 ac

82 562 333 603 desiderium
369 575 618 602 marcescere
659 561 760 601 facit
791 561 979 601 volucres
1012 562 1208 602 inclusas.
1270 564 1438 602 tantum

81 622 222 662 locum
258 622 429 661 luminis
468 621 620 661 habere
652 622 836 673 oportet,
880 622 928 660 ut
960 634 1053 660 aves
1086 620 1226 661 videre
1257 624 1436 674 possint,

81 680 156 722 ubi
192 680 395 732 assidant,
439 680 513 720 ubi
551 679 686 732 cibus,
730 679 804 719 ubi
842 693 950 732 aqua
989 682 1054 720 sit.
1116 682 1291 721 tectorio
1324 683 1437 720 tacta

28 755 62 781 ιο
82 753 170 780 esse
195 740 277 780 levi
304 742 459 780 circum
485 737 660 792 [h]0stia
686 753 732 778 ac
757 739 972 790 fenestras,
998 753 1135 792 nequa
1160 742 1316 780 intrare
1342 754 1435 780 mus

81 799 213 839 aliave
252 813 358 852 quae
395 798 528 838 bestia
566 800 711 851 possit.
774 800 931 838 circum
962 797 1086 838 huius
1120 798 1332 852 aedifici[i]
1366 799 1479 852 pa-4

80 860 203 898 rietes
241 860 493 898 intrinsecus
532 857 688 898 multos
722 862 818 897 esse
841 858 978 910 palos,
1023 857 1096 898 ubi
1129 872 1222 898 aves
1256 858 1436 899 assidere

79 919 262 970 possint,
306 919 520 970 praeterea
563 915 618 969 [e]
663 918 832 969 perticis
876 917 1089 957 inclinatis
1130 932 1179 957 ex
1217 916 1345 958 humo
1385 917 1437 958 ad

80 979 284 1030 parietem
324 979 364 1016 et
407 979 453 1016 in
497 978 554 1016 eis
600 977 796 1015 traversis
837 975 1048 1029 gradatim
1090 976 1265 1016 modicis
1310 979 1437 1017 inter-

27 1052 60 1077 15
80 1036 202 1076 vallis
241 1038 409 1089 perticis
449 1034 619 1075 adnexis
664 1034 717 1074 ad
761 1037 941 1088 speciem
985 1036 1266 1076 cancellorum
1307 1039 1436 1076 sceni-

80 1108 225 1136 corum
267 1109 314 1135 ac
357 1094 522 1134 theatri.
597 1094 792 1135 deorsum
834 1097 880 1134 in
929 1096 1084 1134 terram
1133 1109 1221 1134 esse
1271 1109 1435 1148 aquam,

78 1167 207 1207 quam
236 1153 377 1194 bibere
408 1155 586 1207 possint,
619 1153 776 1194 cibatui
809 1153 911 1194 offas
938 1156 1110 1206 positas.
1161 1168 1230 1194 eae
1256 1157 1436 1195 maxime

78 1214 368 1267 glomerantur
412 1227 461 1253 ex
505 1212 593 1253 ficis
640 1215 680 1253 et
724 1213 832 1253 farre
876 1215 1020 1254 mixto.
1096 1213 1240 1253 diebus
1280 1216 1435 1267 viginti

79 1274 304 1326 antequam
335 1272 482 1313 tollere
514 1273 606 1312 vult
638 1271 803 1324 turdos,
835 1272 995 1325 largius
1030 1271 1100 1312 dat
1132 1272 1288 1325 cibum,
1322 1273 1436 1326 quod

24 1347 60 1372 20
78 1332 175 1384 plus
220 1333 342 1385 ponit
385 1334 426 1371 et
469 1331 577 1371 farre
623 1331 841 1371 subtiliore
884 1333 1035 1384 incipit
1079 1332 1198 1372 alere.
1266 1335 1312 1372 in
1355 1332 1435 1373 hoc

80 1392 191 1431 tecto
225 1405 386 1443 caveas,
431 1404 536 1444 quae
569 1404 715 1430 caveae
746 1390 937 1430 tabulata
969 1390 1150 1431 habeant
1188 1391 1351 1444 aliquot
1383 1391 1435 1432 ad

78 1449 388 1503 pertica<rum>
409 1450 760 1503 supplementum.
796 1452 943 1490 contra
961 1450 1041 1490 hoc
1061 1453 1266 1490 aviarium
1288 1467 1305 1487 *
1329 1464 1435 1504 quae
1449 1449 1476 1491 5

78 1511 268 1549 mortuae
312 1509 371 1549 ibi
416 1511 515 1549 sunt
559 1523 670 1561 aves,
715 1511 763 1548 ut
807 1508 976 1549 domino
1014 1523 1237 1550 numerum
1278 1509 1434 1563 reddat,

80 1568 187 1609 solet
223 1567 379 1608 ibidem
417 1582 590 1608 servare.
652 1583 747 1608 cum
779 1582 884 1621 opus
919 1570 1028 1620 sunt,
1067 1583 1116 1608 ex
1154 1569 1234 1609 hoc
1275 1572 1432 1610 aviario

23 1642 57 1668 25
78 1629 377 1677 utsumantur
406 1627 591 1679 idoneae,
627 1627 902 1667 excludantur
932 1630 978 1667 in
1009 1629 1294 1668 minusculum
1325 1631 1435 1668 avia-

78 1688 205 1738 rium,
243 1686 357 1739 quod
389 1689 450 1727 est
483 1689 755 1727 coniunctum
787 1700 882 1727 cum
913 1689 1069 1727 maiore
1103 1690 1230 1740 ostio,
1274 1688 1434 1728 lumine

77 1746 325 1798 illustriore,
371 1745 483 1799 quod
522 1746 797 1786 seclusorium
829 1746 1056 1799 appellant.
1118 1746 1178 1787 ibi
1210 1761 1306 1787 cum
1338 1761 1433 1787 eum

76 1818 300 1849 numerum
335 1804 461 1845 habet
506 1805 738 1857 exclusum,
782 1819 907 1858 quem
945 1819 1105 1845 sumere
1137 1807 1246 1858 vult,
1288 1821 1431 1848 omnes

79 1863 242 1904 occidit.
303 1863 383 1905 hoc
413 1864 506 1905 ideo
538 1867 585 1904 'm
617 1864 778 1904 secluso
812 1865 936 1916 clam,
968 1879 1020 1904 ne
1052 1865 1220 1918 reliqui,
1255 1868 1290 1906 si
1321 1863 1473 1906 vide-6

24 1937 60 1963 so
79 1924 170 1974 ant,
209 1922 495 1976 despondeant
526 1926 715 1964 animum
747 1925 871 1976 atque
904 1924 1040 1964 alieno
1072 1926 1260 1977 tempore
1292 1925 1433 1965 vendi-

78 1983 182 2022 toris
208 1984 453 2022 moriantur.
496 1997 584 2023 non
609 1985 657 2022 ut
683 1983 863 2023 advenae
889 1983 1078 2024 volucres
1099 1984 1239 2037 pullos
1260 1984 1431 2036 faciunt,

77 2043 124 2081 in
155 2055 256 2095 agro
290 2043 488 2094 ciconiae,
532 2044 578 2082 in
615 2044 724 2083 tecto
757 2042 1020 2094 hirundines,
1066 2045 1124 2083 sic
1157 2045 1230 2083 aut
1260 2043 1328 2083 hic
1359 2045 1433 2083 aut

77 2100 167 2140 illic
197 2100 322 2152 turdi,
355 2103 428 2154 qui
457 2115 552 2140 cum
578 2103 663 2141 sint
687 2104 858 2142 nomine
883 2116 1030 2154 mares,
1062 2116 1105 2142 re
1130 2116 1228 2142 vera
1252 2103 1431 2142 feminae

199 2210 217 2236 3
243 2204 396 2238 cocliam
421 2204 613 2248 (cochliam
640 2205 687 2247 V)
707 2206 718 2249 ΙΙ
737 2211 775 2238 10
799 2204 920 2239 hostia
945 2205 1053 2249 (ostia
1080 2206 1126 2249 V)
1146 2207 1213 2249 1113
1239 2206 1305 2240 del.
1322 2205 1433 2249 Keilll

77 2255 114 2283 21
131 2261 320 2293 sq.caveas
331 2251 425 2286 Keil.
440 2251 554 2285 cauiis
569 2252 572 2293 l
587 2252 710 2286 caviae
719 2253 826 2287 Ellis.
848 2252 962 2286 cauiis
978 2253 1058 2296 (dez.
1076 2253 1170 2295 Keil)
1186 2253 1188 2297 l
1203 2253 1354 2296 aliquod
1368 2253 1371 2288 ἑ
1385 2253 1433 2286 ad

77 2297 298 2340 perticarum
307 2298 507 2333 Schneider.
523 2299 692 2342 adportat
704 2300 708 2345 i
723 2303 847 2334 contra
859 2300 928 2333 hoc
941 2312 971 2334 v.
990 2302 1114 2334 contra
1131 2300 1192 2333 hic
1207 2300 1209 2341 j
1225 2301 1290 2334 Iac.
1301 2300 1434 2334 detexit

78 2344 167 2379 Keil
179 2345 267 2379 duce
280 2346 448 2380 Iucundo
467 2347 479 2390 fl
498 2352 536 2379 24
550 2357 692 2380 servare
707 2347 907 2381 Iucundus.
938 2347 1076 2381 seruari
1095 2349 1106 2391 ΙΙ
1125 2353 1164 2380 33
1179 2347 1251 2380 sint
1266 2359 1308 2381 m.
1325 2349 1409 2380 sunt
1420 2347 1434 2392 Ἀ
