1555 2527
101 69 156 112 32
657 71 897 108 VARRONIS

99 184 232 210 emere
264 172 401 224 possis
435 185 540 224 quae
573 185 678 224 opus
713 174 811 212 sunt
842 174 887 212 in
919 171 1114 225 fundum,
1157 171 1309 226 quibus
1343 186 1448 226 quae

100 232 312 283 supersint
343 233 483 270 venire
515 233 692 284 possint,
734 232 781 271 ut
813 230 1064 284 quibusdam
1096 231 1345 285 pedamenta
1376 233 1449 272 aut

99 291 279 342 perticae
311 292 383 329 aut
414 289 622 342 harundo,
667 290 921 331 fructuosior
958 290 1007 330 fit
1038 290 1210 344 fundus,
1256 305 1382 345 quam
1414 293 1448 331 si

100 349 227 402 longe
262 351 346 389 sint
383 349 665 403 importanda,
698 364 784 390 non
816 364 1047 403 numquam
1079 352 1220 402 etiam,
1254 364 1380 404 quam
1413 352 1448 390 si

59 407 273 449 4colendo
306 411 352 449 in
382 410 456 449 tuo
490 423 536 449 ea
567 423 713 462 parare
744 412 892 462 possis.
954 412 1096 463 itaque
1129 412 1174 450 in
1204 409 1283 450 hoc
1315 423 1447 464 genus
1487 425 1502 451 5

101 467 239 508 coloni
270 470 412 521 potius
446 470 751 509 anniversarios
784 468 940 508 habent
971 471 1148 522 vicinos,
1191 468 1343 523 quibus
1375 471 1450 509 im-

100 529 263 580 perent,
307 527 507 581 medicos,
546 528 747 580 fullones,
786 527 944 580 fabros,
986 542 1111 582 quam
1142 531 1187 569 in
1217 529 1320 569 villa
1352 542 1449 568 suos

100 585 291 639 habeant,
331 601 510 640 quorum
540 602 628 628 non
658 601 889 641 numquam
921 590 1045 628 unius
1079 587 1249 628 artificis
1282 587 1449 640 mo<r>s

101 646 215 686 tollit
252 646 373 686 fundi
411 647 605 687 fructum.
674 661 800 700 quam
836 649 999 700 partem
1036 648 1111 687 lati
1149 647 1269 688 fundi
1302 647 1449 687 divites

102 704 406 758 domestica<e>
433 705 631 760 copia<e>
656 705 853 746 mandare
880 706 1027 747 solent.
1073 709 1107 747 si
1134 709 1245 747 enim
1271 721 1294 746 a
1319 706 1450 747 fundo
1472 722 1505 748 10

101 765 270 819 longius
314 764 467 805 absunt
505 765 662 819 oppida
699 768 771 806 aut
811 768 908 818 vici,
953 765 1092 806 fabros
1134 768 1300 820 parant,
1346 780 1451 820 quos

100 823 282 865 habeant
318 827 364 865 in
402 825 519 878 villa,
566 827 624 866 sic
663 827 819 865 eeteros
860 827 1114 866 necessarios
1155 825 1350 878 artificeS,
1399 839 1452 866 ne

102 883 151 924 de
183 883 314 924 fundo
347 884 509 924 familia
540 883 591 925 ab
624 899 747 938 opere
781 884 965 925 discedat
1001 899 1046 925 ac
1078 885 1274 938 profestis
1308 884 1452 925 diebus

103 943 288 983 ambulet
332 944 480 984 feriata
522 946 683 998 potius,
735 958 861 998 quam
905 958 1028 998 opere
1071 944 1260 985 faciendo
1305 958 1454 999 agrum

61 1002 424 1044 5fructuosiorem
456 1003 610 1045 reddat.
672 1006 814 1058 itaque
845 1003 938 1044 ideo
972 1002 1172 1045 Sasernae
1203 1003 1310 1045 liber
1339 1018 1455 1058 prae·
1475 1019 1508 1045 15

104 1064 222 1116 cipit,
265 1065 414 1117 nequis
454 1063 502 1104 de
543 1063 674 1104 fundo
718 1065 835 1104 exeat
874 1065 1037 1117 praeter
1074 1064 1246 1104 vilicum
1284 1066 1324 1104 et
1361 1077 1455 1118 pro-

101 1137 217 1162 mum
244 1124 284 1162 et
309 1137 453 1176 unum,
481 1137 605 1177 quem
629 1124 778 1164 vilicus
805 1123 936 1177 legat,
969 1125 1100 1177 siquis
1128 1125 1273 1164 contra
1299 1125 1455 1176 exierit,
1512 1138 1515 1141 ’

101 1196 154 1222 116
184 1184 357 1235 impune
390 1181 526 1236 abeat,
566 1185 601 1224 si
633 1183 798 1235 abierit,
843 1185 890 1223 ut
920 1185 966 1223 in
997 1183 1169 1223 vilicum
1201 1182 1456 1224 animadver-

102 1243 226 1282 tatur.
290 1241 403 1295 quod
434 1244 576 1295 potius
609 1244 670 1283 ita
699 1242 1042 1296 praecipiendum
1073 1242 1173 1296 fuit,
1213 1244 1362 1296 nequis
1394 1245 1456 1283 'm-

102 1303 220 1341 iussu
246 1301 360 1342 vilici
393 1304 550 1355 exierit,
580 1316 716 1356 neque
735 1302 884 1343 vilicus
905 1304 1070 1342 iniussu
1091 1301 1251 1342 domini
1272 1302 1455 1355 longius,
1476 1318 1510 1343 20

103 1374 229 1415 quam
266 1363 314 1401 ut
355 1361 495 1402 eodem
532 1361 596 1402 die
628 1361 798 1414 rediret,
841 1375 976 1415 neque
1008 1361 1051 1402 id
1084 1360 1285 1414 crebrius,
1330 1375 1456 1415 quam

63 1420 209 1473 ssopus
249 1423 356 1461 esset
392 1421 536 1462 fundo.
611 1420 796 1475 [quarto]
842 1421 1018 1461 eundem
1055 1420 1234 1461 fundum
1273 1421 1456 1461 fructuo-

105 1482 257 1520 siorem
305 1480 466 1521 faciunt
514 1483 723 1534 vecturae,
769 1483 803 1522 si
847 1483 936 1521 viae
983 1482 1098 1534 sunt,
1143 1494 1226 1534 qua
1267 1480 1458 1534 plaustra

104 1541 174 1593 agi
205 1539 326 1580 facile
357 1543 534 1594 possint,
567 1543 640 1581 aut
670 1540 846 1581 flumina
876 1542 1126 1594 propinqua,
1159 1554 1243 1594 qua
1265 1542 1457 1594 navigari

104 1601 255 1652 possit,
301 1599 453 1653 quibus
495 1602 685 1654 utrisque
726 1600 848 1641 rebus
888 1599 1005 1640 evehi
1053 1602 1178 1653 atque
1220 1599 1362 1640 invehi
1405 1598 1457 1639 ad
1477 1615 1509 1640 25

104 1659 238 1699 multa
274 1659 444 1712 praedia
482 1662 646 1701 scimus.
709 1659 835 1700 refert
873 1661 997 1699 etiam
1036 1658 1087 1699 ad
1124 1658 1245 1700 fundi
1282 1659 1456 1712 fruetus,

106 1732 229 1771 quem
267 1718 318 1758 ad
355 1719 527 1760 modum
564 1722 726 1760 vicinus
764 1722 810 1760 in
851 1718 1033 1760 confinio
1067 1720 1277 1759 consitum
1308 1732 1457 1772 agrum

106 1777 266 1818 habeat.
338 1780 373 1818 si
415 1781 526 1819 enim
564 1778 615 1820 ad
653 1780 831 1819 limitem
870 1780 1147 1832 querquetum
1186 1777 1329 1831 habet,
1370 1791 1458 1819 non

105 1839 241 1890 possis
275 1840 383 1878 recte
415 1838 644 1888 secundum
675 1853 766 1879 eam
798 1839 947 1879 silvam
985 1851 1118 1878 serere
1150 1838 1303 1890 oleam,
1345 1836 1458 1891 quod

105 1911 238 1950 usque
271 1911 317 1938 eo
352 1900 414 1938 est
446 1900 704 1939 contrarium
734 1900 896 1951 natura,
929 1899 976 1937 ut
1008 1896 1174 1938 arbores
1206 1911 1295 1938 non
1320 1897 1458 1938 solum
1478 1912 1512 1938 30

106 1958 245 1997 minus
278 1957 430 2010 ferant,
465 1957 536 1998 sed
568 1960 694 1998 etiam
725 1957 910 2011 fugiant,
949 1958 997 1997 ut
1027 1959 1259 1998 introrsum
1288 1958 1335 1997 in
1365 1955 1458 1996 fun-

108 2014 207 2056 dum
228 2030 270 2056 se
291 2017 505 2071 reclinent,
532 2020 580 2058 ut
600 2019 697 2058 vitis
728 2015 923 2070 adsi[s]ta
948 2016 1000 2057 ad
1025 2016 1150 2057 holus
1177 2016 1312 2056 facere
1339 2015 1457 2057 solet.

227 2186 245 2213 5
268 2179 306 2213 in
325 2179 392 2214 del.
409 2180 494 2215 Keil
513 2182 524 2225 ll
544 2186 561 2214 8
577 2180 660 2215 add.
676 2192 696 2215 v
715 2182 726 2225 ΙΙ
746 2187 783 2214 10
803 2180 1022 2214 domesticae
1043 2179 1170 2223 copiae
1189 2190 1220 2214 v.
1260 2178 1460 2213 domestica

109 2226 216 2271 copia
253 2227 467 2272 (domestica
503 2227 630 2272 copiae
669 2229 807 2274 apoqr.)
845 2229 856 2273 ss
891 2234 928 2261 18
963 2227 1113 2271 impune
1151 2226 1259 2261 abeat
1295 2226 1459 2271 (impune

108 2274 242 2309 habeat
257 2275 422 2319 plurima
441 2276 666 2320 apoyrapha)
687 2277 698 2320 ΙΙ
717 2282 755 2309 22
775 2276 842 2311 del.
859 2275 944 2311 Keil
962 2276 973 2320 ΙΙ
993 2282 1031 2309 25
1052 2286 1104 2318 sq.
1119 2273 1236 2308 multa
1254 2274 1301 2308 ad
1314 2273 1457 2309 Schnei-

109 2322 172 2358 der
189 2323 201 2367 ΙΙ
220 2329 258 2356 32
284 2323 349 2357 del.
377 2334 397 2357 v
419 2325 424 2367 Ι
446 2322 552 2356 holus
579 2322 671 2367 (olus
708 2323 753 2368 V)
773 2324 784 2368 η
