1555 2527
75 111 97 151 ’ῖ
104 110 128 152 8
629 109 870 144 VARRONIS

72 208 174 248 haec
219 210 277 248 sic
320 210 430 248 recte
470 208 560 248 fieri
600 207 878 261 spondesneP'
952 222 1045 248 cum
1084 207 1126 247 id
1165 207 1323 247 factum
1355 209 1431 260 est,

71 270 213 308 tamen
255 281 356 321 grex
398 267 616 308 dominum
653 282 739 308 non
778 269 974 319 mutavit,
1018 269 1101 307 nisi
1141 269 1175 306 si
1208 268 1270 306 est
1302 265 1430 306 adnu-

73 329 298 380 meratum3
347 341 423 367 nec
473 341 560 367 non
612 330 775 380 emptor
824 329 923 379 pote
974 341 1021 366 ex
1067 328 1207 378 empto
1259 325 1430 366 vendito

71 387 195 426 illum
228 386 441 438 damnare,
482 389 516 426 si
547 400 635 426 non
667 386 819 437 tradet,
853 384 1106 439 quamlorlvis
1138 399 1226 425 11011
1259 385 1432 425 solverit

72 459 280 498 nummos,
314 448 360 485 ut
392 446 464 485 ille
497 448 728 498 emptorem
761 446 889 485 simili
919 445 1086 497 iudicio,
1121 447 1155 484 si
1183 459 1271 485 non
1295 443 1432 485 reddit
1467 461 1484 486 5

71 508 267 558 pretium.

33 574 55 614 7
191 563 254 604 De
310 564 451 603 alteris
504 566 704 617 quattuor
753 563 876 603 rebus
929 563 1122 616 deinceps
1174 563 1324 616 dicam,
1381 562 1431 603 de

71 625 282 676 pastione,
327 623 481 675 fetura,
525 625 756 675 nutricatu,
803 625 992 662 sanitate.
1066 625 1250 675 primum
1293 625 1431 676 provi-

73 682 256 723 dendum
305 685 353 722 ut
402 685 540 722 totum
591 697 748 722 annum
798 685 907 722 recte
956 684 1183 735 pascantur
1225 684 1339 722 intus
1391 683 1432 722 et

72 742 192 783 foris:
240 742 406 782 stabula
443 741 593 781 idoneo
633 742 725 781 1000
765 743 812 780 ut
851 743 953 793 sint,
995 755 1048 781 ne
1089 743 1281 793 ventosa,
1325 755 1487 794 quaem

74 803 263 854 spectent
311 803 446 854 magis
498 800 550 840 ad
606 802 810 841 orientem
866 814 991 854 quam
1048 800 1099 840 ad
1153 800 1431 840 meridianum

74 863 252 913 tempus,
314 860 387 900 ubi
421 862 548 912 stent,
595 860 732 899 solum
774 861 941 912 oportet
974 873 1062 900 esse
1094 859 1360 899 eruderatum
1391 862 1432 900 et

72 920 320 973 proclivum,
352 921 401 959 ut
433 922 565 959 everri
597 919 718 959 facile
750 921 886 972 possit
919 933 965 959 ac
996 918 1087 958 fieri
1117 933 1283 972 purum.
1343 933 1432 960 non

74 982 185 1019 enim
230 979 368 1019 solum
413 992 458 1018 ea
508 979 626 1032 uligo
677 979 819 1018 lanam
869 980 1101 1031 corrumpit
1150 981 1309 1030 ovium,
1361 977 1432 1019 sed

33 1041 199 1093 getiam
243 1038 444 1091 ungulas,
489 1052 535 1077 ac
580 1037 745 1078 scabras
790 1037 880 1078 fieri
925 1040 1050 1090 cogit.
1131 1052 1227 1078 cum
1270 1038 1486 1091 aliquot15

75 1098 161 1138 dies
214 1099 437 1149 steterunt,
496 1096 682 1137 subicere
738 1099 906 1150 oportet
955 1097 1143 1150 virgulta
1192 1098 1290 1150 alia,
1347 1111 1430 1150 quo

73 1158 245 1197 mollius
286 1159 551 1209 requiescant
590 1159 864 1210 purioresque
907 1159 1003 1196 sint.
1070 1156 1272 1197 libentius
1320 1159 1432 1197 enim

72 1219 134 1256 ita
175 1218 418 1269 pascuntur.
498 1216 736 1256 faciendum
780 1230 946 1269 quoque
992 1218 1136 1270 saepta
1179 1217 1337 1256 secreta
1380 1215 1430 1256 ab

74 1276 185 1327 aliis,
231 1289 314 1328 quo
352 1274 608 1328 in[i]cientes
649 1275 858 1316 secludere
895 1277 1052 1328 possiS,
1095 1277 1197 1315 item
1229 1289 1312 1329 quo
1345 1289 1432 1316 cor-

73 1349 175 1388 pore
215 1348 352 1388 aegro.
415 1335 516 1375 haec
554 1338 690 1388 magis
729 1335 781 1375 ad
817 1335 1027 1375 villatieos
1066 1348 1214 1388 greges
1249 1334 1432 1375 animad-
1451 1351 1487 1376 20

34 1394 284 1449 9vertenda.
347 1396 494 1434 contra
536 1395 634 1434 illae
671 1397 717 1434 in
762 1394 939 1434 saltibus
979 1408 1084 1448 quae
1122 1396 1354 1447 pascuntur
1392 1396 1433 1435 et

75 1468 99 1494 a
129 1455 250 1493 tectis
284 1453 438 1493 absunt
469 1455 614 1508 longe,
657 1456 831 1507 portant
869 1468 1010 1494 secum
1048 1456 1179 1494 crates
1213 1456 1285 1494 aut
1315 1455 1432 1507 retia,

75 1512 228 1566 quibus
268 1512 460 1553 cohortes
498 1516 544 1553 in
582 1513 809 1554 solitudine
831 1513 1020 1565 ·faciant,
1065 1515 1283 1566 ceteraque
1314 1515 1432 1553 uten-

76 1573 182 1612 silia.
231 1572 358 1625 longe
391 1575 503 1613 enim
536 1575 576 1612 et
607 1574 690 1613 late
722 1575 767 1612 in
800 1573 972 1613 diversis
1005 1573 1109 1613 locis
1140 1575 1258 1626 pasci
1283 1573 1432 1625 solent,

75 1633 124 1671 ut
166 1631 302 1671 multa
344 1633 462 1672 milia
505 1632 646 1672 absint
696 1646 818 1685 saepe
866 1632 1066 1672 hibernae
1114 1634 1329 1685 pastiones
1380 1632 1431 1672 ab
1451 1647 1486 1672 25

76 1692 256 1731 aestivis,
318 1689 411 1744 Ego
443 1706 541 1732 vero
575 1694 672 1744 scio,
709 1694 900 1745 inquam:
940 1706 1039 1731 nam
1069 1691 1175 1731 mihi
1206 1705 1354 1746 greges
1386 1694 1432 1732 in

75 1748 235 1803 Apulia
277 1750 572 1803 hibernabant,
619 1754 691 1804 qui
734 1754 779 1791 in
816 1750 1007 1791 Reatinis
1051 1750 1267 1791 montibus
1311 1753 1432 1792 aesti-

7 1834 62 1876 10
75 1809 248 1861 vabant,
294 1824 389 1849 011111
425 1812 535 1850 inter
571 1811 672 1851 haec
704 1810 804 1850 bina
834 1811 943 1863 loca,
984 1812 1033 1850 ut
1063 1813 1213 1864 iugum
1245 1813 1433 1851 continet

78 1869 312 1921 sirpiculos,
346 1871 404 1909 sic
437 1870 560 1910 calles
592 1870 786 1923 publicae
819 1869 1020 1910 distantes
1053 1872 1280 1923 pastiones.
1329 1869 1432 1911 Eae—

77 1941 157 1980 que
189 1927 265 1980 ibi,
310 1927 383 1967 ubi
414 1932 647 1981 pascuntur
678 1932 724 1969 in
756 1929 898 1969 eadem
928 1932 1118 1983 regione,
1158 1931 1300 1970 tamen
1330 1931 1432 1970 tem·
1452 1945 1488 1970 30

75 1986 249 2040 poribus
301 1986 609 2042 distinguntur,
661 1990 816 2029 aestate
867 1988 979 2042 quod
1023 2003 1119 2029 cum
1160 1991 1298 2042 prima
1339 1989 1433 2029 luce

77 2048 230 2086 exeunt
278 2049 463 2100 pastum,
513 2050 736 2102 propterea
785 2048 897 2101 quod
946 2050 1048 2088 tunc
1096 2047 1225 2088 herba
1267 2047 1434 2089 ruscida

195 2216 213 2242 4
241 2219 351 2252 quam
389 2210 469 2243 ouis
506 2214 539 2244 (ο
571 2211 637 2245 del.
664 2213 739 2255 mc)
772 2213 783 2256 Η
810 2218 846 2244 14
880 2222 923 2245 ea
947 2211 1013 2246 del.
1042 2211 1129 2246 Keil
1153 2213 1165 2255 ΙΙ
1189 2217 1225 2244 15
1251 2210 1402 2254 aliquod
1420 2211 1432 2252 ἓξ

76 2263 113 2289 16
138 2256 299 2300 virgulta
329 2268 403 2291 mr.
453 2258 609 2292 nirculta
637 2261 648 2303 Η
679 2266 714 2292 19
747 2260 813 2294 del.
848 2259 1030 2294 Victorius
1057 2261 1061 2302 1
1093 2259 1182 2292 item
1213 2269 1308 2302 quae
1334 2258 1432 2300 Keil,

76 2304 233 2395 ἑᾝιέεἰῖ
251 2307 340 2395 ¹2¹·eete
359 2305 369 2348 ΙΙ
389 2311 427 2337 22
448 2308 561 2339 crates
581 2317 654 2341 mv.
682 2309 802 2351 grates
822 2308 833 2351 ΙΙ
852 2313 888 2340 31
910 2306 1159 2350 distinguntur
1181 2306 1275 2341 Keil.
1303 2305 1431 2340 distin-
