1560 2506
321 73 487 108 RERVM
511 72 815 107 RVSTICARVM
840 73 924 106 LIB.
945 73 959 106 Ι
987 76 1123 107 17-18
1339 74 1395 116 35

54 182 115 211 XV
145 172 364 223 mancipia,
402 171 583 223 vilicum,
621 171 799 222 Vilicam,
838 173 1048 223 operarios
1082 182 1123 223 X,
1155 170 1394 224 bubulcum,

54 231 298 282 asinarium,
343 228 574 270 subulcum.
649 227 826 269 Saserna
869 229 1013 270 scribit
1057 232 1156 269 satis
1208 244 1295 269 esse
1345 230 1435 270 ad?

53 291 199 342 iugera
228 299 308 329 VIII
344 288 557 328 hominem
593 303 741 328 unum:
786 302 832 328 ea
873 288 1018 329 debere
1051 303 1145 328 eum
1177 288 1396 329 confodere

55 347 199 388 diebus
243 358 351 400 XLV,
396 349 562 388 tametsi
607 349 818 401 quaternis
862 351 998 401 operis
1041 348 1210 401 singula
1252 350 1397 401 iugera

19 421 34 447 5
54 408 205 461 possit3
238 406 309 447 sed
340 407 573 460 relinquere
606 421 647 447 se
680 421 824 460 operas
858 418 939 447 XIII
970 407 1211 459 valetudini,
1244 409 1396 460 tempe-

55 468 170 518 stati,
213 468 403 518 inertiae,
444 466 734 519 indiligentiae
767 465 847 519 [L].
918 466 1068 507 horum
1108 468 1254 506 neuter
1296 469 1395 506 satis

54 524 232 565 dilucide
263 525 455 565 modulos
488 524 725 579 reli[n]quit
755 525 889 579 nobis,
922 525 1034 579 quod
1060 523 1163 566 Cato
1191 527 1226 565 si
1251 526 1437 578 voluit,3

54 584 197 624 debuit
241 587 315 637 sic,
360 587 408 624 ut
450 599 526 638 pro
571 587 764 638 portione
809 584 859 624 ad
902 587 1102 625 maiorem
1139 584 1316 624 fundum
1357 587 1397 625 et

53 646 257 684 minorem
306 643 546 684 adderemus
592 646 632 684 et
675 643 942 684 demeremus.
1022 646 1234 697 praeterea
1283 646 1398 684 extra

1 717 35 742 ιο
53 703 256 743 familiam
289 702 431 743 debuit
462 703 595 743 dicere
626 703 797 744 vilicum
824 705 864 743 et
888 704 1064 744 vilicam.
1115 717 1249 756 neque
1276 706 1396 756 enim,

55 764 90 802 si
120 764 259 802 minus
294 773 408 802 CCXL
439 765 586 816 iugera
617 763 760 803 oliveti
793 763 921 816 colas,
966 777 1052 803 non
1089 765 1225 816 possis
1257 765 1396 802 minus

54 835 139 862 uno
171 822 294 862 vilico
327 821 489 875 habere,
521 836 607 875 nec,
641 824 675 862 si
706 821 770 862 bis
804 824 921 862 tanto
949 823 1194 875 ampliorem
1220 821 1398 862 fundum

54 883 126 920 aut
163 894 210 921 eo
250 881 346 934 plus
389 882 517 934 colas,
562 881 653 922 ideo
695 881 777 921 duo
818 882 931 921 vilici
973 884 1045 921 aut
1085 884 1167 921 tres
1206 881 1398 922 habendi.

54 939 137 980 fere
178 943 357 993 operarii
396 940 520 981 modo
566 943 606 981 et
649 940 820 980 bubulci
863 955 939 994 pro
984 942 1177 994 portione
1222 940 1440 980 addendi—1

1 1012 34 1038 15
55 998 123 1052 [ad
154 998 346 1053 minoris]
386 999 436 1040 ad
473 1002 642 1040 maioris
680 999 825 1040 modos
865 999 1108 1052 fundorum,
1152 1002 1182 1040 ii
1221 1013 1398 1053 quoque,

54 1061 89 1099 si
133 1059 281 1098 similis
326 1061 388 1099 est
432 1073 540 1112 ager.
615 1061 679 1099 sin
721 1061 783 1099 est
822 1061 882 1099 ita
923 1059 1156 1111 dissimilis,
1200 1061 1248 1099 ut
1291 1061 1398 1099 arari

53 1131 140 1158 non
170 1120 316 1171 possit,
349 1118 461 1172 quod
494 1118 603 1171 si<t>
633 1118 905 1172 confragosus
939 1121 1063 1172 atque
1095 1118 1234 1158 arduis
1269 1119 1399 1171 clivis,

53 1179 191 1217 minus
229 1178 353 1217 multi
391 1192 496 1231 opus
531 1180 629 1218 sunt
661 1178 786 1218 boves
820 1180 860 1218 et
891 1177 1073 1218 bubulci.
1135 1180 1258 1218 mitto
1289 1179 1399 1230 illut,

54 1236 166 1290 quod
190 1236 361 1276 modum
385 1251 520 1290 neque
546 1251 677 1277 unum
702 1251 777 1278 nec
802 1237 1013 1278 modicum
1038 1239 1261 1290 proposuit
1284 1248 1399 1277 CCXL

1 1309 34 1334 20
53 1298 246 1349 iugerum
284 1293 489 1350 (modicus
529 1299 640 1337 enim
678 1299 882 1349 centuria,
921 1299 961 1337 et
999 1311 1045 1336 ea
1084 1307 1137 1336 CC
1174 1294 1440 1350 iugerum),5

55 1369 75 1395 e
113 1369 196 1408 quo
235 1369 362 1408 quom
400 1358 515 1396 sexta
554 1370 650 1409 pars
684 1358 738 1396 sit
770 1371 817 1396 ea
848 1367 924 1409 XL,
969 1370 1073 1409 quae
1106 1355 1154 1395 de
1188 1366 1303 1396 CCXL
1335 1355 1399 1396 de-

53 1416 237 1467 muntur,
268 1429 356 1455 non
386 1414 505 1455 video
539 1429 661 1468 quem
693 1415 745 1455 ad
775 1415 946 1456 modum
978 1430 1027 1455 ex
1059 1417 1146 1455 eius
1178 1418 1399 1468 praecepto

55 1473 216 1513 demam
260 1476 417 1514 sextam
461 1477 622 1527 partem
672 1477 712 1515 et
761 1474 809 1515 de
853 1486 933 1515 XIII
976 1477 1214 1527 mancipiiS,
1263 1474 1398 1515 nihilo

53 1535 200 1586 magiS,
233 1535 268 1574 si
293 1534 464 1574 vilicum
490 1536 530 1574 et
555 1534 722 1574 vilicam
747 1548 971 1586 removero,
1005 1548 1127 1587 quem
1154 1533 1204 1573 ad
1229 1533 1400 1574 modum

2 1605 35 1631 25
55 1606 104 1632 ex
144 1603 192 1632 XI
230 1594 388 1633 sextam
428 1595 590 1646 partem
631 1593 802 1634 demam.
866 1593 978 1646 quod
1019 1595 1157 1633 autem
1199 1595 1257 1633 ait
1296 1595 1341 1633 in
1374 1604 1398 1633 C

54 1651 269 1704 iugeribus
319 1654 535 1692 vinearum
585 1667 690 1706 opus
742 1667 829 1693 esse
880 1664 941 1693 XV
991 1654 1216 1705 mancipia,
1267 1654 1397 1705 siquis

54 1709 225 1751 habebit
256 1713 497 1765 centuriam,
529 1725 633 1765 quae
660 1712 879 1752 dimidium
904 1714 1046 1765 vineti,
1079 1711 1298 1751 dimidium
1325 1712 1398 1751 oli-

55 1771 155 1823 veti,
200 1773 395 1824 sequetur
436 1773 483 1811 ut
524 1771 605 1812 duo
646 1772 792 1812 vilicos
834 1774 874 1811 et
915 1771 1015 1811 duas
1054 1771 1198 1811 vilicas
1237 1770 1398 1823 habeat,

57 1828 168 1882 quod
201 1832 262 1870 est
293 1829 578 1871 deridiculum.
641 1844 767 1884 quare
800 1831 882 1870 alia
912 1832 1073 1871 ratione
1104 1829 1252 1870 modus
1285 1844 1398 1869 man—

3 1901 37 1927 30
57 1890 261 1941 cipiorum
304 1891 534 1943 generatim
579 1892 641 1930 est
682 1889 1070 1930 animadvertendus
1110 1891 1150 1929 et
1187 1891 1320 1942 magis
1352 1889 1438 1929 inss

53 1946 134 1988 hoc
172 1946 348 1989 Saserna
390 1948 649 2002 probandus,
693 1952 765 2003 qui
809 1952 867 1998 ait
908 1949 1076 2002 singula
1114 1951 1260 2002 iugera
1301 1962 1398 2001 qua-

55 2008 183 2048 ternis
223 2010 358 2061 operis
397 2023 481 2049 uno
521 2011 710 2061 operario
747 2008 798 2048 ad
830 2007 1132 2049 conficiendum
1166 2010 1265 2048 satis
1299 2022 1398 2048 esse.

57 2065 127 2106 sed
159 2069 194 2107 si
218 2066 298 2108 hoc
322 2069 368 2107 in
394 2066 593 2108 Sasernae
619 2067 749 2108 fundo
775 2070 820 2108 111
846 2066 1040 2121 Gal<l>ia
1066 2069 1165 2107 satis
1192 2067 1284 2119 fuit,
1311 2081 1398 2107 non

58 2127 256 2167 continuo
299 2126 409 2167 idem
452 2129 497 2167 in
529 2141 630 2181 agro
669 2126 850 2181 Ligusco
891 2129 1104 2167 montano.
1170 2128 1312 2180 itaque
1350 2125 1397 2165 de

176 2271 191 2297 7
219 2265 283 2299 del.
310 2277 373 2301 mv
397 2268 408 2311 ΙΙ
433 2273 450 2299 8
478 2266 605 2300 debuit
637 2266 688 2300 sic
713 2270 753 2300 ut
779 2267 874 2301 Keil.
932 2269 971 2299 ut
998 2265 1123 2299 debuit
1151 2265 1197 2298 sit
1227 2266 1238 2309 ΙΙ
1269 2271 1304 2297 15
1330 2264 1396 2300 del.

65 2311 143 2346 Keil
161 2311 173 2356 ΙΙ
191 2319 226 2346 17
253 2314 338 2347 add.
365 2313 456 2349 Seal.
478 2315 489 2358 Η
508 2320 546 2347 33
571 2314 656 2348 add.
682 2325 702 2348 υ
721 2316 732 2358 ΙΙ

1143 2370 1186 2404 3*
