1560 2506
360 575 423 621 M.
463 575 749 623 TERENTI
787 575 1109 623 VARRONIS

203 667 408 710 RERVM
439 667 810 710 RVSTICARVM
841 668 918 710 DE
949 668 1269 711 VILLATICIS

547 739 926 782 PASTIONIBVS

510 821 682 863 LIBER
712 822 955 879 TERTIVS

22 945 37 971 5
176 927 284 971 Cum
327 929 431 970 duae
475 932 584 969 vitae
628 929 806 970 traditae
851 932 935 970 sint
973 930 1209 983 hominum,
1254 933 1437 974 rustical

59 991 100 1029 et
135 988 313 1041 urbana,
352 989 516 1042 quidni,
549 988 692 1041 Pinni,
738 988 913 1029 dubium
954 1003 1043 1029 non
1088 992 1150 1029 est
1193 992 1296 1043 quin
1333 990 1410 1030 hae

56 1062 144 1089 non
182 1048 319 1089 solum
356 1049 448 1089 loco
489 1048 688 1088 discretae
727 1050 828 1101 sint,
874 1048 945 1088 sed
976 1051 1102 1088 etiam
1133 1051 1320 1102 tempore
1353 1049 1411 1089 di-

56 1121 219 1148 versam
256 1110 464 1161 originem
503 1107 695 1148 habeant.
764 1110 979 1161 antiquior
1019 1111 1130 1147 enim
1170 1109 1305 1149 multo
1344 1123 1410 1148 ru-

57 1168 176 1219 stica,
221 1166 334 1220 quod
374 1166 456 1206 fuit
495 1168 678 1220 tempus,
724 1180 819 1206 cum
859 1181 956 1206 rura
997 1167 1181 1207 colerent
1218 1167 1408 1208 homines

2 1241 37 1267 ιο
53 1239 189 1279 neque
231 1225 378 1266 urbem
420 1225 632 1266 haberent.
706 1228 860 1266 etenim
908 1227 1241 1266 vetustissimum
1291 1228 1448 1280 oppi-2

55 1284 155 1325 dum
186 1299 282 1325 cum
313 1287 367 1324 sit
398 1285 600 1325 traditum
631 1299 828 1338 graecum
859 1284 1056 1325 Boeotiae
1086 1285 1263 1338 Thebae,
1296 1285 1410 1339 quod

54 1358 126 1384 rex
158 1342 331 1397 Ogygos
365 1344 612 1396 aedificarit,
650 1347 695 1384 in
727 1358 828 1398 agro
861 1343 1052 1385 Romano
1086 1343 1237 1396 Roma,
1283 1358 1410 1398 quam

54 1401 261 1443 Romulus
303 1417 391 1443 rex:
434 1418 533 1443 nam
570 1406 614 1443 in
652 1403 732 1444 hoc
768 1417 881 1443 nunc
919 1403 1096 1456 denique
1138 1406 1200 1443 est
1241 1406 1288 1443 ut
1326 1404 1409 1445 dici

53 1464 200 1515 possit,
230 1476 319 1503 non
350 1476 445 1502 cum
476 1461 639 1502 Ennius
674 1464 841 1516 scripsit
873 1460 944 1517 (A.
971 1462 1087 1517 501):

2 1571 35 1597 15
116 1559 374 1611 septingenti
406 1559 505 1597 sunt
535 1558 663 1611 paulo
695 1558 791 1611 plus
825 1559 898 1597 aut
928 1560 1067 1598 minus
1101 1561 1211 1610 anni,

111 1618 292 1676 augusto
325 1619 502 1670 augurio
534 1619 758 1670 postquam
789 1617 937 1657 inclita
968 1617 1136 1657 condita
1166 1616 1303 1658 Roma
1333 1619 1408 1658 est.

54 1697 236 1752 Thebae,
287 1712 392 1752 quae
442 1701 537 1739 ante
588 1700 873 1753 cataclysmon
917 1698 1059 1753 Ogygi
1109 1699 1299 1739 conditae
1350 1699 1447 1741 cli-3

55 1759 223 1811 cuntur,
268 1772 337 1798 eae
374 1760 515 1798 tamen
547 1760 711 1799 circiter
741 1758 823 1799 duo
856 1759 974 1798 milia
1005 1772 1212 1799 annorum
1244 1760 1284 1798 et
1316 1773 1407 1799 cen-

53 1818 146 1856 tum
177 1819 286 1858 sunt.
337 1817 449 1870 quod
480 1820 645 1870 tempus
680 1821 715 1858 si
746 1818 899 1857 referas
929 1818 981 1857 ad
1006 1817 1113 1858 illud
1138 1820 1406 1871 principium,

0 1890 34 1915 20
54 1889 137 1929 quo
182 1878 274 1929 agri
318 1877 400 1917 coli
444 1879 543 1917 sunt
580 1879 717 1930 coepti
755 1879 879 1930 atque
917 1879 963 1917 in
1000 1880 1104 1917 casis
1144 1879 1184 1916 et
1222 1879 1405 1930 tuguriis

52 1934 301 1975 habitabant
342 1949 418 1975 nec
461 1950 605 1976 murus
650 1938 691 1976 et
733 1938 857 1989 porta
900 1935 1000 1989 quid
1051 1938 1159 1976 esset
1209 1936 1405 1988 sciebant,

51 1996 225 2034 immani
261 2008 436 2035 numero
469 2009 676 2036 annorum
707 1995 890 2036 urbanos
930 1996 1138 2048 agricolae
1178 1997 1405 2048 praestant.

51 2067 127 2093 nec
163 2055 334 2106 mirum,
379 2054 491 2107 quod
529 2054 670 2094 divina
706 2057 858 2094 natura
896 2054 1008 2094 dedit
1046 2068 1187 2108 agros,
1232 2068 1298 2094 ars
1330 2054 1447 2094 hu-4

51 2125 176 2152 mana
215 2112 448 2153 aedificavit
488 2113 629 2166 urbes,
675 2127 770 2153 cum
807 2115 914 2153 artes
954 2127 1097 2154 omnes
1137 2113 1329 2153 dicantur
1360 2115 1406 2153 in

52 2168 223 2211 Graecia
259 2173 371 2212 intra
407 2173 522 2212 mille
560 2186 766 2213 annorum
804 2174 1006 2226 repertae,
1051 2175 1143 2226 agri
1173 2186 1405 2225 numquam

171 2303 190 2330 6
216 2298 347 2340 quidni
366 2298 472 2342 pinni
493 2299 638 2343 (quidni
656 2299 778 2343 pinnii
804 2301 941 2343 (φορτ.)
962 2303 972 2335 ΙΙ
991 2306 1029 2332 13
1053 2310 1140 2333 nam
1169 2299 1236 2333 dez.
1263 2299 1403 2340 Grosse,

57 2344 144 2378 Keil
161 2344 173 2388 Η
191 2351 231 2377 20
256 2345 335 2388 agri
361 2346 431 2379 coli
457 2348 541 2379 sunt
565 2347 766 2381 Iuczmdus.
818 2346 1000 2390 agricolae
1026 2346 1099 2379 sint
1117 2348 1128 2390 ΙΙ

124 2409 237 2435 'VARRO
257 2416 328 2436 BER.
347 2405 435 2436 nvs'T.
454 2417 505 2436 ιι).
525 2418 558 2436 11.
1168 2407 1188 2437 8
