1555 2527
113 79 132 118 1
145 78 197 118 14
655 73 897 110 VARRONJS

108 190 197 216 non
237 175 394 216 fuerint
434 177 478 214 in
519 175 640 213 terris
682 175 755 226 qui
793 173 874 213 coli
915 175 1091 225 possint.
1153 186 1287 226 neque
1327 173 1465 213 solum

111 237 325 288 antiquior
363 235 527 274 cultura
565 235 672 286 agri,
712 231 782 272 sed
821 234 945 272 etiam
983 233 1142 273 melior.
1203 235 1345 285 itaque
1376 246 1465 273 non

111 297 199 335 sine
238 308 362 334 causa
393 295 569 333 maiores
602 294 737 332 nostri
771 305 818 331 ex
851 291 952 331 urbe
984 294 1030 332 'm
1061 306 1184 346 agros
1217 291 1464 345 redigebant

111 367 207 394 suos
250 356 376 405 cives,
421 351 533 405 quod
574 353 615 391 et
654 354 699 391 in
739 364 839 403 pace
877 365 901 390 a
937 353 1104 391 rusticis
1143 350 1345 391 Romanis
1384 351 1464 391 ale-

67 412 265 455 5bantur
297 414 337 452 et
368 414 412 451 in
444 411 554 451 bello
588 410 639 450 ab
671 410 737 450 his
769 410 799 462 †
819 409 1049 451 alebantur.
1110 424 1186 450 nec
1219 412 1307 450 sine
1339 424 1465 451 causa

109 474 263 512 terram
314 470 485 511 eandem
536 469 807 523 appellabant
856 471 1031 510 matrem
1081 472 1122 510 et
1165 467 1373 522 Cererem,
1423 472 1465 510 et

110 533 183 584 qui
224 545 313 571 eam
353 530 553 581 colerent,
597 531 711 582 piam
750 530 790 568 et
826 529 974 569 utilem
1015 543 1137 583 agere
1168 531 1299 569 vitam
1331 528 1465 570 crede-

109 590 212 630 bant
253 592 376 643 atque
418 603 486 629 eos
530 589 641 629 solos
683 588 866 641 reliquos
909 602 996 628 esse
1037 603 1086 628 ex
1125 590 1254 642 stirpe
1293 587 1465 629 Saturni

109 652 232 703 regis
307 651 373 689 cui
421 650 747 688 consentaneum
799 649 877 699 est,
929 647 1041 701 quod
1089 650 1213 688 initia
1260 650 1466 688 vocantur

70 711 377 762 6potissimum
428 722 475 747 ea
519 721 624 760 quae
668 705 807 747 Cereri
850 706 959 747 fiunt
1001 720 1127 747 sacra.
1205 720 1282 747 nec
1323 710 1463 748 minus

110 768 254 822 oppidi
281 781 447 820 quoque
472 781 627 807 nomen
646 766 812 807 Thebae
832 764 1057 819 indica[n]t
1076 768 1357 819 antiquiorem
1377 781 1465 807 esse

110 841 275 881 agrum,
321 826 433 880 quod
471 826 523 866 ab
556 828 648 880 agri
679 840 847 879 genere,
890 839 978 866 non
1010 840 1033 865 a
1065 825 1280 866 conditore
1310 840 1466 866 nomen

109 890 146 927 ei
191 889 253 926 est
295 888 554 939 impositum.
615 900 715 925 nam
757 885 906 938 lingua
947 887 1086 938 prisca
1129 887 1171 924 et
1209 887 1255 925 in
1293 883 1466 926 Graecia

109 945 253 986 Aeolis
286 945 436 986 Boeoti
470 947 557 985 sine
590 944 736 984 affiatu
768 946 920 985 vocant
952 945 1071 985 collis
1103 942 1305 997 t[h]ebas,
1349 946 1390 985 et
1419 946 1466 985 in

111 1004 295 1057 Sabinis,
340 1018 422 1058 quo
462 1019 482 1044 6
515 1003 688 1045 Graecia
724 1006 929 1044 venerunt
959 1003 1144 1057 Pelasgi,
1189 1006 1315 1044 etiam
1351 1018 1465 1044 nunc

108 1067 169 1105 ita
201 1064 362 1117 dicunt,
399 1066 516 1104 cuius
550 1066 776 1117 vestigium
807 1066 853 1103 in
885 1077 986 1117 agro
1021 1062 1177 1104 Sabino
1210 1065 1278 1103 via
1305 1061 1466 1104 Salaria

107 1138 195 1164 non
233 1124 359 1177 longe
404 1137 427 1163 a
461 1122 647 1173 Re<a>te
684 1123 890 1163 miliarius
929 1123 1062 1162 clivus
1096 1136 1191 1162 curn
1228 1123 1466 1176 appellatur

72 1187 93 1227 7
110 1182 306 1236 t[h]ebae.
351 1185 443 1237 agri
470 1183 679 1223 culturam
704 1185 840 1236 primo
867 1184 1040 1235 propter
1065 1184 1357 1235 paupertatem
1380 1196 1465 1222 ma-

109 1245 219 1282 xime
268 1242 537 1282 indiscretam
586 1241 814 1294 habebant,
866 1241 979 1295 quod
1028 1255 1052 1280 a
1100 1241 1342 1294 pastoribus
1392 1244 1465 1295 qui

110 1304 228 1342 erant
272 1304 354 1342 orti
396 1305 442 1342 in
486 1301 630 1342 eodem
674 1315 775 1355 agro
821 1302 861 1341 et
906 1300 1098 1341 serebant
1141 1302 1182 1340 et
1221 1300 1465 1354 pascebant:

110 1375 214 1414 quae
258 1363 405 1414 postea
449 1363 668 1401 creverunt
710 1362 888 1414 pecunia
926 1360 1176 1412 diviserunt,
1220 1373 1267 1400 ac
1307 1360 1466 1401 factum

69 1423 157 1465 8ut
204 1420 439 1461 dicerentur
485 1421 557 1460 alii
601 1421 827 1473 agricolae,
875 1420 947 1459 alii
984 1422 1186 1473 pastores.
1254 1433 1337 1473 qua
1372 1422 1467 1473 ipsa

108 1494 204 1532 pars
239 1479 392 1533 duplex
426 1482 504 1532 est,
545 1482 713 1520 tametsi
745 1479 796 1519 ab
827 1479 947 1519 nullo
981 1481 1081 1519 satis
1115 1478 1308 1532 discreta,
1353 1478 1466 1532 quod

110 1540 240 1579 altera
277 1542 339 1579 est
376 1540 563 1579 villatica
599 1541 756 1592 pastio,
801 1539 931 1578 altera
968 1540 1157 1592 agrestis
1224 1538 1326 1578 haec
1362 1540 1466 1579 nota

109 1600 150 1638 et
193 1598 366 1651 nobilis,
419 1598 531 1652 quod
575 1601 616 1638 et
657 1601 853 1652 pecuaria
896 1598 1149 1651 appellatur,
1200 1599 1241 1637 et
1282 1598 1466 1638 multum

109 1657 301 1698 homines
351 1658 582 1711 locupletes
628 1658 681 1698 ob
727 1672 817 1697 63111
860 1671 947 1697 rem
992 1659 1064 1697 aut
1114 1656 1342 1697 conductos
1392 1659 1466 1697 aut

111 1719 274 1770 emptos
317 1717 475 1757 habent
520 1718 670 1770 saltus3
715 1717 846 1757 altera
888 1717 1086 1768 villatica,
1137 1715 1250 1769 quod
1290 1715 1463 1756 humilis

108 1776 289 1828 videtur,
334 1791 358 1816 a
399 1776 650 1830 quibusdam
691 1776 850 1816 adiecta
887 1775 939 1816 ad
976 1778 1068 1829 agri
1100 1775 1325 1828 culturam,
1370 1789 1466 1816 cum

109 1838 217 1875 esset
265 1838 421 1889 pastio,
476 1850 611 1890 neque
661 1836 868 1889 explicata
916 1837 1007 1876 tota
1057 1837 1298 1887 separatim,
1352 1834 1466 1889 quod

69 1897 257 1947 9sciam‚
301 1895 352 1934 ab
397 1895 498 1936 ullo.
561 1898 703 1948 itaque
743 1909 837 1935 cum
874 1896 1067 1948 putarem
1099 1908 1187 1934 esse
1227 1908 1368 1934 rerum
1398 1908 1465 1934 ru-

111 1955 326 2007 sticarum,
371 1968 476 2007 quae
514 1957 745 1995 constituta
778 1957 876 1994 sunt
907 1954 1067 1994 fructus
1101 1967 1242 2006 causa,
1285 1955 1367 1994 tria
1397 1967 1467 2007 ge-

108 2026 226 2064 nera,
269 2028 401 2053 unum
442 2014 491 2054 de
529 2017 620 2068 agri
658 2014 839 2066 cultura,
883 2014 1063 2054 alterum
1099 2012 1147 2053 de
1185 2027 1229 2053 re
1259 2015 1465 2066 pecuaria,

109 2073 281 2112 tertium
326 2072 374 2112 de
417 2074 614 2113 villaticis
658 2072 942 2126 pastionibus,
992 2075 1076 2113 tres
1114 2072 1245 2112 libros
1285 2073 1465 2125 institui,

229 2181 247 2207 3
273 2186 379 2219 agros
404 2188 434 2211 v.
487 2176 584 2220 agris
605 2178 652 2218 115
679 2176 724 2210 ab
750 2176 808 2210 his
836 2177 894 2219 (ab
921 2176 967 2210 iis
994 2175 1176 2211 nonnulla
1201 2176 1427 2221 apoyrapha)
1456 2174 1462 2222 1

112 2222 337 2255 ducebantur
352 2224 438 2258 Keil
457 2226 467 2266 ΙΙ
487 2230 504 2257 8
525 2225 646 2266 adque
666 2225 676 2268 Η
697 2231 729 2257 11
751 2225 816 2258 del.
831 2236 894 2259 mv
913 2225 924 2268 ΙΙ
943 2231 979 2257 14
994 2224 1058 2258 del*
1076 2234 1095 2257 v
1114 2224 1126 2266 ΙΙ
1145 2229 1180 2256 17
1196 2234 1249 2266 sq.
1263 2225 1338 2257 rete
1353 2224 1464 2268 (reate

120 2269 165 2312 V)
189 2269 193 2313 Ι
217 2280 298 2302 curn
324 2271 529 2313 appellatur
553 2271 668 2304 tebae.
708 2271 786 2315 agri
814 2272 910 2306 Keil.
961 2271 1166 2315 appellatur
1190 2270 1334 2304 thebae.
1378 2281 1462 2304 cum

111 2317 189 2359 agri
210 2318 221 2360 Η
240 2323 275 2349 31
302 2321 385 2351 sunt.
411 2318 498 2362 (sint
522 2319 735 2363 apographa
760 2320 971 2363 recentiora)
991 2320 1002 2363 ΙΙ

1484 722 1519 748 10

1484 1019 1538 1057 15⁴

1485 1315 1520 1341 20

1485 1611 1519 1638 25

1485 1908 1520 1934 30
