1560 2506
17 750 51 775 10

16 1045 48 1070 15

15 1341 49 1366 20

15 1636 48 1661 25

16 1932 50 1957 30

352 103 521 138 RERVM
543 101 849 138 RVSTICARVM
873 102 957 136 LIB.
977 102 1026 135 ΙΠ
1049 105 1139 136 5-6
1334 102 1421 159 127

69 202 243 254 propter
281 201 419 241 studia
457 200 783 253 suffragatorum
821 201 861 239 et
898 201 1039 239 tamen
1071 201 1174 239 scire
1205 200 1425 252 vellemus,

71 260 172 313 quid
203 262 321 313 esset,
353 262 467 300 venit
498 259 550 299 ad
580 273 657 299 nos
689 257 997 311 Pantul[a]eius
1029 257 1168 311 Parra,
1199 260 1343 298 narrat
1368 258 1421 298 ad

69 319 274 372 tabulam,
325 333 420 359 cum
463 318 706 370 diriberent,
753 317 960 371 quendam
1004 317 1254 370 deprensum
1296 319 1420 357 tesse-

70 379 183 418 rulas
217 380 459 418 coicientem
489 380 535 417 in
565 377 764 430 loculum,
796 391 891 416 eum
923 376 974 416 ad
1000 377 1215 416 consulem
1239 378 1421 417 tractum

71 452 95 477 a
137 437 372 478 fautoribus
418 439 752 490 competitorum.
820 435 933 476 Pavo
976 438 1130 490 surgit,
1175 435 1287 489 quod
1331 438 1418 476 eius

71 496 280 537 candidati
311 498 451 537 custos
485 495 699 536 dicebatur
724 495 962 548 deprensus.

187 553 339 607 Axius,
379 554 442 596 De
473 554 782 608 pavoni<bus>,
819 556 975 607 inquit,
1007 554 1136 594 libere
1167 555 1265 595 licet
1296 554 1488 607 dicas,VI‘

70 617 270 667 quoniam
308 614 497 655 discessit
527 613 764 666 Fircellius,
810 617 899 667 qui,
944 628 1060 654 secus
1095 614 1233 666 siquid
1265 613 1418 653 diceres

70 673 119 713 de
161 675 231 726 iis,
281 674 531 726 gentilitatis
577 687 701 714 causa
743 673 919 714 fortasse
964 687 1018 713 an
1066 675 1204 713 tecum
1254 672 1421 713 duceret

71 746 236 773 serram.
288 731 452 785 Qu<0>i
476 731 650 785 Merula,
680 731 743 772 De
774 732 1009 786 pavonibus
1037 734 1184 772 nostra
1207 735 1420 784 memoria,

67 794 224 848 inquit,
269 806 416 845 greges
453 792 598 832 haberi
636 794 772 845 coepti
810 794 850 832 et
880 794 1027 832 evenire
1058 805 1225 845 magno.
1287 806 1336 831 ex
1367 793 1419 831 iis

68 849 124 891 M.
156 849 350 891 Aufidius
389 850 524 892 Lurco
558 866 685 904 supra
723 865 928 905 sexagena
964 852 1082 891 milia
1117 865 1338 891 nummum
1374 853 1420 890 in

69 923 180 950 anno
225 909 377 950 dicitur
421 924 576 964 capere.
643 913 674 950 ii
718 911 933 964 aliquanto
972 913 1188 963 pauciores
1228 924 1315 950 esse
1355 909 1419 949 de-

68 968 170 1009 bent
200 983 344 1009 ·mares
383 983 508 1023 quam
546 970 740 1023 feminae,
786 972 821 1010 si
858 969 909 1009 ad
947 969 1130 1010 fructum
1163 971 1339 1023 spectes3
1384 971 1420 1009 si

69 1027 121 1068 ad
164 1028 496 1082 delectationem,
541 1031 702 1070 contra:
752 1029 976 1070 formosior
1020 1031 1130 1069 enim
1170 1043 1271 1069 mas,
1349 1028 1467 1082 pa-2'

70 1087 210 1127 scendi
252 1101 400 1141 greges
445 1091 641 1142 agrestes,
712 1090 983 1128 transmarini
1022 1102 1109 1128 esse
1148 1088 1344 1128 dicuntur
1374 1090 1421 1128 in

67 1147 236 1198 insulis,
282 1145 396 1187 Sami
438 1150 483 1187 in
526 1148 621 1188 luco
653 1146 846 1200 Iunonis,
890 1150 990 1188 item
1028 1150 1073 1187 in
1110 1146 1307 1187 Planasia
1339 1145 1418 1200 [in]

67 1204 286 1259 insula[m]
311 1204 367 1246 M.
387 1205 565 1247 Pisonis.
609 1206 653 1246 hi
680 1207 731 1246 ad
756 1221 903 1260 greges
931 1206 1245 1247 constituendos
1272 1220 1419 1259 paran-

68 1266 138 1304 tur
162 1264 273 1305 bona
305 1267 438 1305 aetate
464 1268 505 1306 et
523 1266 635 1306 bona
654 1266 799 1307 forma.
844 1266 941 1306 huic
962 1269 1072 1306 enim
1091 1268 1243 1306 natura
1261 1266 1419 1306 formae

69 1337 89 1363 e
126 1324 366 1365 volucribus
406 1324 518 1365 dedit
554 1325 749 1378 palmam.
812 1325 864 1365 ad
901 1325 1177 1365 admissuram
1213 1325 1313 1365 haec
1345 1327 1419 1364 mi-

67 1396 189 1423 nores
227 1383 363 1423 bimae
399 1398 487 1424 non
522 1384 695 1425 idoneae
731 1398 807 1425 nec
843 1387 928 1424 iam
964 1387 1140 1425 maiores
1173 1386 1287 1424 natu.
1349 1398 1419 1437 pa·
1434 1384 1467 1424 3-

69 1444 243 1482 scuntur
275 1456 397 1483 omne
428 1457 560 1497 genus
594 1443 756 1484 obiecto
789 1444 1012 1496 frumento,
1043 1446 1222 1483 maxime
1251 1443 1418 1484 hordeo.

67 1503 209 1554 itaque
246 1500 365 1542 Seius
409 1505 460 1542 iis
505 1502 576 1542 dat
618 1506 663 1543 in
706 1517 868 1543 menses
914 1503 1104 1556 singulos
1149 1502 1294 1543 hordei
1338 1505 1420 1543 sin-

68 1560 191 1613 gulos
229 1560 409 1614 modios,
452 1563 513 1602 ita
543 1564 591 1601 ut
621 1565 667 1602 in
698 1562 834 1602 fetura
865 1562 933 1602 det
964 1562 1151 1614 uberius,
1196 1564 1420 1615 antequam

69 1619 190 1659 salire
227 1622 443 1673 incipiant.
504 1619 605 1674 (in)
642 1621 716 1661 has
749 1636 774 1662 a
803 1623 1073 1675 procuratore
1104 1624 1244 1662 ternos
1277 1621 1418 1674 pullos
1459 1645 1462 1648 >

69 1676 200 1732 exigit
244 1693 413 1733 eosque,
463 1694 558 1720 cum
602 1683 836 1733 creverunt,
886 1683 1193 1734 quinquagenis
1239 1680 1418 1721 denariis

68 1737 228 1791 vendit,
268 1740 317 1778 ut
352 1739 472 1779 nulla
503 1742 590 1779 avis
623 1739 735 1780 hunc
767 1742 1013 1793 assequatur
1047 1740 1242 1780 fructum.
1303 1739 1461 1793 prae-4

69 1798 181 1836 terea
212 1811 291 1838 ova
323 1800 423 1838 emit
448 1812 494 1838 ac
527 1801 729 1852 supponit
760 1800 943 1853 gallinis,
984 1814 1032 1839 ex
1065 1799 1217 1852 quibus
1251 1797 1317 1852 [ex
1348 1797 1418 1851 iis]

69 1869 241 1896 excusos
285 1857 425 1909 pullos
469 1858 595 1897 refert
637 1861 682 1898 in
719 1858 972 1898 testudinem
1009 1873 1116 1911 eam,
1159 1861 1205 1898 in
1237 1872 1319 1911 qua
1349 1872 1419 1911 pa-

68 1928 196 1956 vones
234 1915 371 1956 habet.
440 1916 552 1970 quod
589 1919 747 1957 tectum
784 1924 860 1971 p'ro
898 1917 1169 1958 multitudine
1206 1931 1419 1970 pavonum

186 2061 201 2087 1
218 2054 502 2099 suffragaturum
517 2055 810 2100 (suffragatorum
831 2056 880 2100 V>
901 2058 912 2101 ΙΙ
931 2063 948 2089 2
970 2068 1023 2099 sq.
1036 2055 1248 2090 Pantuleius
1262 2067 1293 2090 v.
1328 2066 1417 2099 pan-

67 2101 146 2135 tula
158 2102 236 2135 eius
252 2102 255 2146 Ι
269 2103 315 2136 ἃᾶ
326 2102 489 2136 tabulam
499 2114 532 2136 m
542 2115 571 2137 v.
587 2103 788 2137 attabulam
802 2105 812 2149 ΙΙ
825 2111 838 2136 7
855 2105 900 2137 de
913 2103 1118 2147 pavonibus
1132 2115 1176 2138 m.
1193 2104 1237 2137 de
1249 2114 1393 2146 pauone
1406 2102 1418 2149 ΙΙ

68 2154 87 2182 8
113 2149 229 2192 siquit
253 2151 264 2194 ΙΙ
288 2156 325 2182 10
351 2149 410 2183 cui
436 2151 638 2185 Iucundus.
689 2151 753 2194 qui
785 2153 796 2195 ΙΙ
826 2158 860 2185 11
886 2151 1018 2195 inquid
1040 2152 1044 2197 Ι
1066 2151 1192 2185 uenire
1225 2151 1415 2185 Victorius.

68 2199 194 2230 uentre
214 2198 224 2241 ΙΙ
244 2203 278 2230 12
293 2196 407 2231 Lurco
421 2198 623 2232 Iracundus.
649 2198 773 2241 lyrcho
793 2200 804 2243 ΙΙ
823 2205 857 2232 17
880 2199 945 2233 del.
960 2199 1154 2233 Iucundus
1172 2199 1183 2243 ΙΙ
1202 2204 1238 2232 18
1259 2197 1417 2231 insulam

69 2243 209 2286 pisonis
236 2244 369 2288 (insula
392 2244 532 2287 pisonis
560 2246 608 2290 V)
628 2246 639 2289 ΙΙ
659 2252 694 2278 21
720 2246 850 2280 trimae
882 2246 1048 2288 Ursinus,
1072 2250 1162 2280 rec-te
1187 2250 1229 2279 ut
1253 2244 1417 2291 videturss

70 2296 108 2323 25
133 2291 217 2325 add.
249 2291 331 2326 Keil
350 2292 361 2335 ΙΙ
381 2298 418 2324 27
444 2292 522 2325 avis
548 2293 645 2327 Keil.
684 2293 765 2327 ouis
785 2295 796 2338 ΙΙ
815 2299 855 2326 28
880 2294 946 2328 del.
976 2294 1129 2328 Ursinus
1148 2294 1159 2337 ΙΙ
1178 2299 1216 2325 2⁹
1242 2292 1281 2325 in
1305 2294 1418 2326 testu-

70 2337 194 2371 dinem
222 2337 356 2373 Gesner
381 2339 470 2373 duee
493 2351 538 2373 m.
588 2339 834 2374 intestabilem
854 2342 864 2384 ΙΙ
