1560 2506
1 1312 35 1337 20

1 1608 34 1634 25

326 73 493 108 RERVM
517 71 823 108 RVSTICARVM
847 72 932 107 LIB.
952 73 967 106 Ι
993 76 1132 107 40—44
1347 72 1403 115 53

57 171 151 211 dam
195 171 306 225 quod
349 170 548 223 tardiora,
594 171 770 211 surculis
815 171 957 223 potius
1002 170 1221 223 utendum,
1275 172 1323 210 ut
1359 173 1404 211 in

56 230 187 271 ficetis
232 230 402 271 faciunt.
462 229 531 270 fici
572 232 683 270 enim
722 243 862 270 semen
898 230 1090 270 naturale
1127 232 1241 270 intus
1281 232 1325 269 in
1358 244 1404 270 ea

55 289 146 343 fico,
185 303 310 343 quam
342 289 513 341 edimus,
552 303 657 342 quae
691 290 789 329 sunt
819 290 983 329 minuta
1014 303 1157 342 grana,
1198 303 1218 329 e
1250 288 1402 342 quibus

55 351 194 402 parvis
245 348 357 402 quod
407 351 545 388 enasci
596 348 763 388 coliculi
818 350 888 387 vix
946 349 1106 401 queunt
1156 372 1211 375 —
1262 350 1403 388 omnia

57 410 166 448 enim
205 409 369 447 minuta
407 408 447 447 et
485 407 600 447 arida
637 407 689 447 ad
727 406 994 447 crescendum
1031 406 1167 459 tarda,
1212 421 1258 447 ea
1299 421 1404 460 quae

55 468 231 519 laxiora,
276 468 316 507 et
359 466 618 519 fecundiora,
663 467 711 506 ut
754 466 910 506 femina
949 480 1075 520 quam
1114 480 1202 506 mas
1246 468 1286 506 et
1326 480 1402 519 pro

54 527 248 580 portione
278 528 324 566 in
354 526 551 579 virgultis
583 528 700 566 item:
745 527 887 578 itaque
919 525 1039 579 ficus,
1083 526 1218 565 malus
1250 528 1405 579 punica

56 586 96 625 et
137 586 234 625 vitis
272 586 446 638 propter
483 584 761 638 femin<e>am
797 585 1022 625 mollitiam
1054 584 1105 625 ad
1137 584 1404 625 crescendum

54 658 198 698 prona,
238 645 383 685 contra
412 645 553 698 palma
586 646 625 684 et
658 658 877 697 cupressus
912 646 952 684 et
984 644 1075 684 olea
1105 646 1151 684 in
1184 642 1444 684 crescendof)

55 703 189 744 tarda:
234 705 279 743 in
315 703 395 744 hoc
428 706 538 743 enim
570 703 777 744 umidiora
808 717 933 756 quam
965 703 1156 744 aridiora.
1190 728 1245 731 —
1278 717 1404 756 quare

55 776 103 803 ex
140 764 251 803 terra
286 764 428 816 potius
466 765 511 803 in
555 765 787 803 seminariis
822 763 1010 803 surculos
1045 762 1093 803 de
1124 762 1245 803 ficeto
1279 776 1405 816 quam

54 836 186 876 grana
229 821 277 862 de
321 821 399 862 fico
445 822 611 875 expedit
655 821 845 875 obruere,
889 824 1054 875 praeter
1099 824 1133 862 si
1172 822 1292 862 aliter
1335 836 1404 862 ne-

55 895 198 934 queas,
243 883 291 921 ut
335 881 538 934 siquando
584 883 676 935 quis
718 883 834 921 trans
878 895 992 921 mare
1037 884 1195 921 semina
1238 883 1404 921 mittere

55 942 127 980 aut
164 940 261 981 inde
298 942 437 993 petere
474 941 577 981 vult.
648 942 738 980 tum
771 942 881 980 enim
914 941 1154 981 resticulam
1186 955 1259 993 per
1290 940 1403 992 ficos,

55 1013 157 1053 quas
186 999 356 1053 edimus,
388 1001 572 1040 maturas
600 1001 820 1053 perserunt
847 1001 887 1040 et
913 1014 991 1052 eas,
1026 1014 1120 1040 cum
1144 1001 1403 1052 inaruerunt,

55 1060 308 1112 complicant
339 1073 385 1099 ac
419 1073 501 1112 quo
533 1060 683 1099 volunt
714 1060 907 1112 mittunt,
952 1059 1024 1099 ubi
1064 1058 1237 1099 obrutae
1268 1062 1314 1099 in
1346 1073 1404 1099 se-

53 1120 231 1158 minario
276 1120 453 1172 pariant.
518 1121 575 1158 516
618 1132 772 1172 genera
807 1118 998 1171 ficorum,
1045 1116 1172 1159 Chiae
1205 1133 1250 1159 ac
1284 1116 1444 1159 Chal-6

56 1177 208 1218 cidicae
235 1179 274 1217 et
294 1176 449 1231 Lydiae
468 1176 566 1230 (et)
585 1175 820 1230 Africanae,
846 1179 947 1218 item
971 1180 1105 1218 cetera
1125 1180 1404 1218 transmarina

54 1239 100 1277 in
130 1236 298 1277 Italiam
329 1238 500 1290 perlata.
564 1237 691 1277 simili
725 1236 773 1277 de
806 1251 946 1289 causa,
992 1238 1104 1278 oleae
1138 1251 1277 1277 semen
1310 1251 1403 1277 cum

56 1297 111 1337 sit
152 1296 374 1348 nuculeus,
425 1295 537 1349 quod
586 1310 634 1336 ex
679 1310 725 1337 eo
770 1296 928 1336 tardius
981 1296 1251 1337 enascebatur
1301 1297 1402 1337 colis

55 1369 180 1409 quam
218 1370 266 1395 ex
305 1356 416 1408 aliis,
459 1355 552 1396 ideo
590 1357 732 1408 potius
765 1358 811 1395 in
843 1358 1075 1396 seminariis
1108 1356 1256 1408 taleaS,
1301 1370 1403 1409 quas

55 1414 151 1467 dixi,
179 1417 364 1455 serimus.
409 1417 455 1454 in
479 1417 626 1468 primis
652 1414 846 1455 observes
872 1429 925 1455 ne
951 1418 996 1455 in
1016 1417 1169 1455 terram
1188 1417 1367 1455 nimium
1380 1423 1473 1457 XLII

54 1473 212 1514 aridam
250 1475 323 1514 aut
359 1476 534 1526 variam,
581 1473 651 1514 sed
688 1476 979 1527 temperatam,
1025 1489 1164 1515 semen
1197 1474 1402 1517 demittas.

53 1535 100 1573 in
129 1535 324 1587 iugerum
355 1547 504 1586 unum,
544 1536 578 1573 si
611 1535 674 1574 est
703 1536 855 1573 natura
886 1536 1116 1587 temperata
1148 1536 1274 1586 terra,
1309 1536 1404 1574 scri-

54 1592 161 1633 bunt
200 1606 304 1645 opus
338 1606 425 1632 esse
457 1592 640 1633 medicae
674 1592 1012 1646 sesquimodium.
1074 1593 1117 1633 id
1150 1595 1302 1633 seritur
1332 1595 1403 1645 ita,

54 1653 101 1691 ut
134 1666 273 1692 semen
303 1653 490 1704 iaciatur,
530 1665 653 1705 quem
686 1651 736 1692 ad
768 1652 939 1692 modum
972 1651 1040 1705 [L]
1074 1666 1168 1692 cum
1200 1652 1403 1705 pabulum

55 1713 95 1751 et
126 1711 383 1751 frumentum
416 1713 576 1752 seritur.
639 1714 819 1765 cytisum
858 1714 1009 1751 seritur
1045 1714 1090 1751 in
1121 1714 1232 1752 terra
1262 1711 1366 1752 bene
1380 1720 1489 1754 XLIII

56 1769 226 1810 subacta
265 1772 479 1823 tamquam
521 1785 660 1811 semen
703 1770 922 1811 brassicae.
992 1770 1088 1811 inde
1130 1770 1319 1811 differtur
1364 1773 1403 1811 et

54 1831 99 1869 in
144 1829 432 1882 sesquipedem
475 1832 665 1882 ponitur,
711 1832 782 1870 aut
820 1831 945 1870 etiam
984 1830 1032 1870 de
1070 1832 1203 1883 cytiso
1237 1830 1403 1870 duriore

54 1889 243 1942 virgulae
293 1888 607 1942 deplantantur,
664 1892 704 1929 et
752 1891 812 1929 ita
866 1891 1068 1942 pangitur
1123 1892 1168 1929 in
1219 1889 1402 1930 serendo.

56 1950 250 1988 seruntur
275 1947 395 1988 fabae
420 1947 550 1988 modii
576 1959 642 1988 1111
666 1951 712 1988 in
736 1950 895 2002 iugero,
922 1950 1051 1988 tritici
1071 1960 1111 2000 v,
1137 1948 1283 1988 hordei
1308 1960 1364 2001 VI,
1379 1957 1490 1991 XLIV

56 2006 176 2047 farris
204 2018 244 2060 X,
279 2007 349 2048 sed
378 2021 466 2048 non
496 2008 626 2048 nullis
658 2008 761 2048 locis
793 2008 920 2061 paulo
948 2009 1127 2061 amplius
1156 2010 1228 2047 aut
1252 2010 1403 2048 minus.

57 2068 92 2106 si
123 2068 234 2106 enim
265 2067 380 2107 locus
415 2080 594 2120 crassus,
638 2067 752 2120 plus3
798 2069 832 2107 si
863 2081 1016 2120 macer,
1063 2069 1214 2107 minus.
1278 2081 1404 2120 quare

57 2124 313 2178 observabis,
364 2127 568 2179 quantum
617 2128 663 2166 in
712 2141 758 2166 ea
807 2128 978 2180 regione
1022 2125 1278 2167 consuetudo
1326 2128 1404 2166 erit

174 2269 192 2296 8
219 2264 302 2298 add.
329 2276 390 2298 mv
415 2265 427 2309 ΙΙ
452 2271 487 2298 14
512 2264 721 2298 resticulam
757 2276 830 2299 mv.
881 2265 1098 2308 pesticulam
1123 2266 1134 2308 ΙΙ
1159 2271 1195 2298 18
1220 2265 1343 2308 lydiae
1369 2267 1404 2299 et

59 2309 258 2345 Iucwndus.
289 2311 401 2345 lidiae
420 2313 431 2356 ΙΙ
451 2319 489 2345 26
510 2312 663 2346 iaciatur
679 2312 825 2347 Gesner.
859 2312 1012 2346 iactatur
1031 2314 1042 2357 Η
1062 2319 1100 2346 28
1125 2314 1301 2356 tanquam
1320 2314 1331 2356 ΙΙ
