1555 2527
130 76 213 118 128
682 76 923 112 VARRONIS

126 174 218 215 fieri
256 175 377 215 debet
418 178 459 216 et
495 175 647 216 habere
685 175 840 216 cubilia
877 175 1070 228 discreta,
1115 178 1291 217 tectorio
1334 176 1483 229 levata,

127 248 211 288 quo
253 248 388 288 neque
433 249 601 288 serpens
640 249 774 288 neque
811 235 946 276 bestia
984 235 1173 276 accedere
1211 235 1300 275 ulla
1329 237 1484 289 possit;

77 291 337 347 bpraeterea
380 294 532 334 habere
576 295 716 335 locum
760 297 856 335 ante
901 309 961 347 se,
1005 308 1088 348 quo
1126 297 1297 348 pastum
1335 298 1484 335 exeant

124 353 268 394 diebus
315 356 479 407 apricis.
550 355 775 407 utrumque
820 355 959 394 locum
1002 368 1156 408 purum
1201 367 1289 394 esse
1332 354 1484 395 volunt

123 413 200 453 hae
238 414 440 454 volucres.
502 415 644 466 itaque
681 416 894 466 pastorem
926 427 1068 453 earum
1100 428 1196 454 cum
1226 413 1374 454 vatillo
1407 416 1483 454 cir-
1520 430 1536 457 5

123 475 279 512 cumire
317 474 485 525 oportet
522 487 569 512 ac
607 474 764 512 stercus
804 473 952 513 tollere
990 487 1036 513 ac
1069 487 1330 525 conservare,
1369 472 1483 526 quod

123 533 164 571 et
208 531 260 572 ad
303 534 395 585 agri
439 531 647 571 culturam
690 531 889 572 idoneum
930 534 993 572 est
1037 534 1077 572 et
1121 532 1172 572 ad
1217 532 1484 573 substramen

76 589 350 644 6pullorum.
430 593 590 644 primus
635 591 712 631 hos
759 590 805 638 Q.
850 590 1103 632 Hortensius
1154 591 1348 646 augurali
1397 591 1483 632 adi-

122 651 214 691 tiali
259 665 360 690 cena
403 653 595 703 posuisse
639 650 808 702 dieitur,
853 650 966 703 quod
1008 653 1151 703 potius
1190 651 1349 691 factum
1389 653 1481 691 tum

121 710 329 750 luxuriosi
367 723 494 762 quam
530 712 661 749 severi
692 709 793 750 boni
825 712 905 749 viri
937 709 1177 750 laudabant.
1240 723 1364 764 quem
1395 712 1479 751 cito
1502 728 1535 753 ιο

123 771 254 809 secuti
285 770 409 809 multi
442 769 682 809 extulerunt
714 783 859 809 eorum
890 771 1036 822 pretia,
1067 771 1128 809 ita
1158 771 1206 809 ut
1231 783 1310 810 ova
1336 783 1482 810 eorum

122 828 301 868 denariis
334 830 512 868 veneant
544 831 702 882 quinis,
746 831 830 881 ipsi
860 828 982 868 facile
1014 831 1341 882 quinquagenis,
1378 842 1481 882 grex

121 890 383 928 centenarius
422 887 543 927 facile
575 887 844 941 quadragena
874 888 992 928 milia
1024 889 1214 928 sestertia
1245 889 1293 928 ut
1323 887 1481 941 reddat,

121 949 168 987 ut
206 946 375 1000 quidem
407 945 619 987 Abuccius
655 947 809 1000 aiebat,
855 949 890 987 si
921 950 966 987 in
999 947 1190 1001 singulos
1223 949 1365 988 ternos
1399 950 1481 988 exi-

120 1009 237 1059 geret
267 1007 421 1060 pullos,
453 1006 598 1059 perfici
631 1021 838 1060 sexagena
868 1021 1003 1060 posse.
1499 1023 1538 1050 15.

45 1073 112 1108 VH
242 1065 407 1106 Interea
437 1068 553 1106 venit
585 1068 800 1119 apparitor
826 1064 941 1119 Appi
973 1080 998 1106 a
1029 1066 1200 1106 consule
1232 1067 1273 1106 et
1299 1079 1478 1119 augures

121 1127 181 1165 ait
225 1127 355 1166 citari.
418 1126 490 1165 ille
528 1125 640 1166 foras
681 1128 766 1165 exit
804 1140 824 1165 e
864 1126 974 1166 villa.
1037 1128 1080 1165 at
1110 1128 1157 1165 in
1187 1125 1334 1165 villam
1364 1126 1478 1166 intro

118 1185 312 1226 involant
337 1184 566 1237 columbae,
599 1185 648 1225 de
674 1184 826 1238 quibus
853 1183 991 1239 Me[de
1016 1183 1337 1238 columbis]rula
1354 1182 1478 1237 Axio,

121 1242 165 1285 Si
199 1257 401 1298 umquam
435 1243 520 1298 [ex]
555 1243 1018 1298 peristerotrophio<n>
1056 1246 1364 1296 constituisses,
1401 1243 1477 1284 has

118 1305 211 1343 tuas
234 1318 322 1344 esse
347 1305 529 1357 putares,
556 1306 746 1357 quamvis
767 1304 877 1344 ferae
898 1306 1046 1344 essent.
1092 1303 1173 1344 duo
1195 1305 1306 1343 enim
1324 1317 1478 1357 genera
1498 1320 1532 1345 20

119 1377 261 1403 earum
291 1366 337 1403 in
366 1363 743 1417 peristerotrophio
771 1377 858 1403 esse
885 1364 1033 1415 solent,
1065 1377 1198 1403 unum
1223 1364 1398 1416 agreste,
1429 1363 1478 1403 ut

119 1423 192 1462 alii
223 1422 379 1475 dicunt,
413 1424 598 1475 saxaffle,
637 1422 751 1476 quod
781 1422 960 1463 habetur
990 1425 1036 1463 in
1066 1421 1253 1462 turribus
1287 1436 1334 1462 ac
1365 1422 1478 1463 colu-

117 1482 302 1522 minibus
334 1483 476 1535 villae,
509 1497 533 1522 a
565 1496 648 1536 quo
682 1483 916 1536 appellatae
949 1481 1182 1534 columbae,
1216 1495 1322 1535 quae
1352 1495 1477 1535 prop-

117 1543 180 1581 ter
218 1543 413 1582 timorem
449 1543 685 1582 naturalem
723 1556 886 1582 summa
923 1542 1015 1582 loca
1051 1543 1097 1581 in
1134 1543 1254 1581 tectis
1288 1542 1476 1594 captant:

118 1613 201 1654 quo
239 1600 288 1640 fit
325 1603 373 1640 ut
411 1603 594 1655 agrestes
627 1604 806 1641 maxime
839 1603 1069 1654 sequantur
1100 1602 1253 1653 turres,
1293 1602 1340 1640 in
1370 1613 1473 1654 quas
1495 1615 1528 1641 25

70 1659 102 1699 ’2
118 1674 166 1699 ex
207 1674 308 1714 agro
351 1661 520 1701 evolant
561 1663 709 1714 suapte
750 1663 901 1714 sponte
941 1674 988 1700 ac
1028 1661 1225 1700 remeant.
1296 1659 1476 1699 alterum

116 1733 249 1772 genus
294 1718 435 1773 [illud]
481 1720 770 1761 columbarum
815 1722 877 1760 est
917 1720 1179 1771 clementius,
1224 1718 1338 1772 quod
1380 1718 1474 1760 cibo

117 1778 345 1820 domestico
385 1780 631 1820 contentum
670 1782 784 1819 intra
820 1780 969 1819 limina
1011 1781 1161 1819 ianuae
1200 1778 1307 1818 solet
1346 1780 1475 1831 pasci.

116 1837 196 1878 hoc
221 1852 354 1891 genus
381 1842 561 1879 maxime
587 1841 649 1879 est
675 1839 814 1879 colore
839 1838 947 1891 albo,
979 1838 1078 1878 illut
1106 1838 1286 1877 alterum
1311 1839 1474 1891 agreste

117 1900 206 1937 sine
250 1897 364 1950 albo,
408 1901 536 1939 vario.
600 1913 648 1938 ex
691 1901 742 1938 iis
782 1897 943 1938 duabus
984 1897 1185 1950 stirpibus
1224 1896 1273 1936 fit
1312 1896 1474 1937 miscel·
1492 1911 1527 1937 30

115 1956 205 1996 lum
248 1959 421 1998 tertium
463 1972 596 2011 genus
641 1958 802 1998 fructus
849 1971 988 2009 causa,
1034 1959 1159 2010 atque
1196 1955 1398 1996 incedunt
1426 1957 1475 1996 in

116 2015 256 2056 locum
299 2031 449 2070 unum⁷
494 2017 607 2071 quod
645 2018 717 2057 alii
754 2019 906 2057 vocant
944 2018 1219 2070 peristerona,
1263 2015 1336 2056 alii
1366 2017 1473 2068 peri-

235 2137 253 2164 5
287 2143 412 2166 earum
447 2134 587 2176 (eorum
620 2133 667 2177 V)
699 2134 710 2176 ΙΙ
741 2139 778 2165 16
810 2132 898 2176 appi
938 2131 1012 2175 (api
1045 2132 1144 2173 Pol„
1176 2130 1265 2174 appi
1296 2131 1435 2175 apoyr.)
1459 2129 1472 2176 ΙΙ

116 2184 153 2211 18
168 2189 221 2221 sq.
237 2179 282 2212 de
302 2179 437 2222 quibus
451 2180 592 2214 Merula
605 2179 698 2214 Axio
718 2181 784 2224 (ita
798 2180 895 2214 Keil.
930 2179 1000 2213 Axi
1017 2181 1051 2223 v)
1072 2178 1104 2212 si
1122 2188 1300 2221 umquam
1317 2177 1471 2221 periste-

116 2226 329 2269 rotrophion
355 2239 385 2260 v.
450 2227 494 2260 de
527 2227 662 2270 quibus
694 2238 752 2261 me
785 2228 830 2261 de
862 2226 1041 2261 columbis
1072 2226 1154 2260 rula
1184 2225 1285 2259 axios
1317 2225 1471 2268 inquam

111 2283 161 2306 vex
186 2273 510 2317 peristerotrophio
536 2276 547 2318 ΙΙ
576 2281 612 2307 27
640 2286 755 2319 genus
782 2274 875 2308 illud
901 2273 1154 2308 columbarum
1179 2274 1306 2317 (genus
1334 2272 1470 2306 colum-

114 2320 246 2354 barum
279 2322 325 2364 V)
346 2323 357 2364 fl
