1555 2527
72 96 93 136 ’ἶ
101 96 127 137 6
630 96 872 131 VARRONIS

72 196 236 235 siorem.
300 193 441 247 Si<e>,
486 197 677 248 inquam,
722 209 920 235 numerus
965 209 1052 235 non
1097 198 1160 235 est
1202 197 1250 234 ut
1289 196 1344 235 sit
1382 193 1434 234 ad

72 256 291 306 amussim,
336 256 384 294 ut
427 268 514 294 non
561 256 639 307 est,
684 267 778 294 cum
818 254 993 294 dicimus
1032 255 1148 294 mille
1186 268 1312 294 naves
1351 256 1434 294 isse

73 312 124 353 ad
155 312 337 365 Troiam,
384 313 684 353 centumvirale
717 328 805 354 esse
838 313 1041 353 iudicium
1073 313 1244 354 Romae.
1307 327 1434 366 quare

75 372 208 425 deme,
255 375 289 412 si
330 375 411 425 vis,
457 372 558 413 duas
592 387 656 413 res
690 372 738 413 de
770 374 916 425 mulis,
962 372 1238 426 admissuram
1271 375 1311 412 et
1341 386 1435 426 par-

1 432 57 473 27
75 433 226 472 turam.
301 431 497 484 Vaccius,
542 431 793 472 Parturam?
837 434 993 485 inquit,
1039 432 1215 485 proinde
1259 434 1308 471 ut
1346 445 1435 472 non

74 491 328 544 aliquotiens
369 491 532 531 dicatur
564 490 723 532 Romae
765 494 976 544 peperisse
1008 492 1180 534 mulam.
1244 489 1322 531 Cui
1355 505 1433 545 ego

73 553 122 590 ut
166 552 439 602 succinerem,
486 550 647 591 subicio
686 549 913 604 Magonem
957 553 997 590 et
1035 549 1291 603 Dionysium
1338 552 1436 591 scri-

72 609 181 662 bere,
213 610 329 649 mula
360 612 401 650 et
432 624 539 663 equa
571 624 665 650 cum
698 612 976 662 conceperint,
1016 609 1261 650 duodecimo
1294 624 1436 650 mense

72 683 230 723 parere.
293 683 420 722 quare
452 683 556 722 non,
601 671 636 708 si
667 669 736 709 hic
766 671 812 708 in
844 668 968 708 Italia
1000 683 1094 709 cum
1126 671 1290 722 peperit
1320 669 1437 709 mula

75 731 130 769 sit
173 730 435 781 portentum,
481 728 682 768 adsentiri
727 742 870 768 omnes
916 730 1059 768 terras.
1138 742 1274 782 neque
1323 730 1436 769 enim
1456 744 1492 769 10

74 787 321 828 hirundines
356 790 396 827 et
429 790 630 840 ciconiae,
677 801 781 840 quae
813 790 858 827 in
890 786 1015 827 Italia
1045 790 1235 840 pariunt,
1272 790 1318 828 in
1351 801 1436 828 om-

74 846 200 887 nibus
251 849 373 887 terris
418 849 602 900 pariunt.
681 861 769 887 non
821 849 936 887 scitis
987 847 1197 900 palmulas
1249 849 1435 888 careotas

3 906 61 948 28
78 905 220 959 Syrias
266 920 411 959 parere
455 909 500 946 in
537 905 706 958 Iudaea,
751 909 797 946 in
834 905 959 946 Italia
1001 920 1089 946 non
1132 906 1285 959 posse?
1355 904 1437 947 Sed

77 964 239 1018 Scrofa,
274 964 319 1006 Si
361 968 526 1019 exigere
566 968 698 1005 mavis
742 968 831 1005 sine
869 966 1082 1006 mulorum
1120 965 1258 1006 fetura
1289 967 1330 1005 et
1359 979 1437 1005 nu-

75 1027 229 1065 tricatu
266 1039 490 1064 numerum
529 1027 748 1078 octoginta
785 1027 826 1065 et
863 1039 1012 1078 unum,
1058 1026 1120 1065 est
1159 1027 1231 1078 qui
1269 1025 1435 1078 expleas
1456 1039 1491 1066 15

76 1084 286 1137 duplicem
318 1086 444 1124 istam
475 1085 681 1137 lacunam,
723 1084 836 1137 quod
868 1084 1221 1125 extraordinariae
1253 1084 1439 1124 fructum

78 1145 234 1197 species
275 1143 379 1183 duae
417 1144 620 1184 accedunt
656 1158 851 1197 magnae,
897 1157 1075 1196 quarum
1119 1158 1204 1184 una
1247 1146 1309 1184 est
1346 1146 1440 1184 ton-

77 1217 193 1255 sura,
245 1202 359 1256 quod
409 1217 505 1243 oves
559 1218 605 1243 ac
656 1217 800 1256 capras
852 1202 1087 1243 detondunt
1137 1206 1210 1243 aut
1258 1203 1440 1256 vellunt3

77 1263 225 1314 altera,
276 1276 381 1315 quae
432 1263 559 1302 latius
611 1265 745 1316 patet,
796 1262 845 1302 de
889 1263 996 1303 lacte
1041 1265 1081 1302 et
1126 1276 1262 1314 caseo,
1314 1276 1441 1315 quam

78 1324 302 1375 scriptores
348 1325 487 1375 graeci
533 1324 759 1375 separatim
805 1323 1069 1374 τυροποιιάυ
1116 1322 1437 1375 appellaverunt
1455 1339 1492 1365 20

77 1396 123 1422 ac
157 1383 415 1434 scripserunt
447 1381 496 1422 de
529 1396 576 1422 ea
607 1396 650 1422 re
682 1382 903 1434 permulta.

31 1450 63 1484 Π
198 1439 278 1481 Sed
319 1443 520 1493 quoniam
553 1455 631 1481 nos
663 1443 858 1481 nostrum
889 1454 1068 1493 pensum
1101 1439 1358 1481 absolvimus
1392 1455 1439 1481 ac

77 1500 261 1540 limitata
292 1503 354 1540 est
385 1503 581 1553 pecuaria
613 1502 821 1554 quaestio,
853 1513 966 1540 nunc
997 1513 1143 1539 rursus
1175 1513 1250 1540 vos
1279 1499 1439 1540 reddite

75 1559 218 1611 nobis,
265 1573 287 1599 o
327 1559 545 1612 Epirotae,
591 1559 639 1600 de
683 1574 769 1600 una
812 1573 976 1613 quaque
1019 1573 1080 1611 re,
1124 1560 1173 1598 ut
1211 1558 1438 1613 videamus,

35 1618 180 1672 2quid
210 1621 399 1671 pastores
434 1634 456 1659 a
488 1619 735 1673 Pergamide
765 1618 983 1659 Maledove
1020 1620 1132 1671 potis
1166 1620 1262 1659 sint.
1324 1617 1433 1659 Atti·
1457 1635 1492 1660 25

78 1692 162 1730 cus,
196 1680 268 1731 qui
300 1680 401 1718 tunc.
427 1678 548 1719 Titus
575 1678 850 1732 Pomponius,
880 1692 994 1718 nunc
1027 1676 1209 1725 Quintus
1232 1676 1437 1718 Caecilius

79 1740 330 1790 cognomine
357 1738 511 1791 eodem,
544 1737 638 1792 Ego
666 1741 828 1791 opinor,
860 1739 1011 1790 inquit,
1037 1739 1238 1790 incipiam
1263 1739 1438 1791 primus,

79 1799 280 1850 quoniam
311 1799 356 1836 in
388 1812 453 1837 me
485 1797 624 1838 videre
657 1796 937 1851 coni<e>cisse
965 1796 1122 1848 oculos,
1155 1798 1196 1836 et
1222 1795 1358 1836 dicam
1389 1796 1438 1837 de

78 1858 333 1909 primigenia
370 1860 577 1909 pecuaria.
640 1872 660 1897 e
700 1857 798 1897 feris
839 1859 950 1896 enim
991 1855 1221 1908 pecudibus
1253 1858 1439 1909 primum

79 1915 182 1955 dicis
217 1930 312 1955 oves
347 1917 668 1969 comprehensas
700 1916 750 1956 ab
777 1915 1020 1956 hominibus
1049 1929 1094 1955 ac
1119 1915 1438 1956 mansuefactas.
1458 1931 1494 1956 30

77 1974 153 2015 has
186 1977 371 2028 primum
404 1978 571 2029 oportet
602 1975 734 2016 bonas
768 1989 918 2028 emere,
964 1988 1068 2027 quae
1106 1976 1167 2014 ita
1207 1974 1258 2014 ab
1292 1976 1436 2028 aetate,

1472 447 1489 473 G!

198 2110 213 2135 1
235 2102 319 2137 add.
350 2103 504 2138 Ursinus
522 2104 533 2147 l}
553 2110 570 2136 5
584 2105 773 2146 pasturam
782 2102 978 2146 posteriore
999 2102 1073 2136 loco
1094 2113 1231 2146 apogr„
1250 2103 1438 2145 parturam

79 2151 157 2185 Pol.
181 2152 191 2195 ΙΙ
213 2153 231 2183 6
259 2150 360 2184 mula
383 2150 469 2184 Keil
495 2153 505 2193 Η
534 2157 547 2182 7
577 2151 716 2184 subicio
743 2162 789 2184 m.
840 2149 986 2194 subigio
1006 2151 1017 2192 ΙΙ
1037 2156 1070 2182 11
1097 2149 1258 2183 ciconiae
1284 2149 1348 2192 qui
1374 2149 1436 2193 (ci—

81 2209 214 2232 coneae
241 2209 336 2241 quae
369 2197 417 2240 Γ)
438 2200 448 2239 ΙΙ
468 2204 504 2230 13
532 2198 654 2240 Syrias
684 2198 778 2232 Keil.
830 2198 965 2240 syriam
988 2199 991 2242 Ι
1014 2197 1052 2230 in
1078 2196 1213 2230 Iudaea
1242 2197 1435 2231 Victorius.

78 2246 117 2279 in
143 2246 247 2279 iurea
265 2248 275 2288 ΙΙ
295 2252 331 2278 19
359 2245 458 2288 quod
483 2245 592 2278 latius
620 2254 728 2288 (quae
753 2245 863 2279 latius
898 2245 946 2279 V}
978 2246 989 2288 Η
1020 2251 1060 2277 20
1084 2243 1307 2288 τυροποιίαν
1334 2244 1434 2279 Poli-

78 2294 214 2328 tianus.
267 2294 328 2327 ΤΥ
335 2293 490 2326 PQTCC
504 2294 560 2327 lan
580 2295 590 2337 Η
610 2300 645 2325 27
674 2292 891 2337 cognomine
924 2293 1115 2327 Victorius.
1156 2303 1239 2325 cum
1263 2292 1412 2326 nomine
1425 2292 1437 2338 Η

77 2348 116 2375 28
143 2341 228 2376 add.
255 2353 274 2375 v
294 2342 304 2384 ΙΙ
325 2347 362 2374 29
388 2340 580 2384 pecuariae
606 2340 691 2374 feris
711 2342 722 2384 ΙΙ
