1560 2506
341 104 510 139 RERVM
532 103 843 139 RVSTICARVM
867 103 952 138 LIB.
977 104 1010 138 11
1038 107 1173 139 10-11
1352 104 1436 158 109

80 205 221 257 nopiis
253 204 390 243 iacent
423 202 508 242 dies
535 202 709 254 aliquot,
746 216 833 242 esse
860 201 1070 242 eiuncidas
1098 215 1145 241 ac
1171 203 1437 243 contemnen-

81 262 168 303 das.
237 260 315 303 Cui
356 275 452 315 ego,
497 259 634 313 Certe,
678 263 870 314 inquam:
913 275 1013 301 nam
1054 263 1100 301 in
1143 260 1314 313 Illyrico
1357 261 1436 302 hoc
1451 262 1486 304 9,

82 321 275 375 amplius,
307 322 579 374 praegnatem
612 334 744 372 saepe,
777 334 872 360 cum
903 322 1018 360 venit
1043 319 1233 373 pariendi
1258 322 1436 373 tempUS,

80 395 170 421 non
213 381 339 433 longe
380 379 431 419 ab
473 393 596 433 opere
634 378 841 419 discedere
877 379 1020 432 ibique
1058 382 1223 419 em'xam
1260 393 1438 432 puerum

44 453 62 480 5
82 439 249 491 referre,
294 453 418 492 quem
447 452 536 479 non
566 440 794 492 peperisse,
839 438 910 478 sed
941 440 1150 478 invenisse
1181 440 1321 491 putes3
1361 452 1438 479 nec

80 513 169 539 non
200 500 326 538 etiam
356 497 446 550 hoc,
480 511 582 551 quas
615 500 799 551 virgines
832 497 892 537 ibi
924 498 1156 551 appellant,
1200 511 1288 538 non
1318 512 1438 537 num-

81 571 208 611 quam
233 571 440 597 annorum
465 559 630 610 viginti,
663 556 815 609 quibus
842 570 932 597 mos
955 571 1099 597 eorum
1120 555 1296 609 non[ne]
1318 556 1438 597 dene—

80 618 215 671 gavit,
257 618 352 656 ante
389 618 560 669 nuptias
594 618 642 655 ut
674 615 992 656 succumberent
1023 615 1175 668 quibus
1208 616 1365 656 vellent
1397 618 1438 656 et

79 677 336 717 incomitatis
369 677 417 715 ut
448 678 593 729 vagari
624 675 767 715 liceret
799 677 839 715 et
870 675 980 716 filios
1013 674 1176 715 habere.
1239 674 1353 722 Quae
1386 675 1437 715 ad
1454 675 1509 717 10

28 751 62 776 ιο
81 734 356 775 valitudinem
393 736 605 788 pertinent
636 734 857 775 hominum
888 748 935 774 ac
966 736 1128 787 peeoris
1162 736 1202 774 et
1235 736 1324 774 sine
1355 749 1437 774 me-

80 793 172 835 dico
205 797 342 834 curari
372 796 563 847 possunt,
604 796 855 847 magistrum
888 796 1044 847 scripta
1074 793 1226 833 habere
1258 796 1436 846 oportet.

78 855 114 893 is
161 855 272 893 enim
317 855 405 893 sine
448 854 600 893 litteris
645 852 820 893 idoneus
858 867 945 893 non
984 855 1062 905 est,
1108 852 1221 906 quod
1253 855 1435 893 rationes

79 911 309 953 dominicas
336 915 550 965 pecuarias
577 912 778 953 conficere
797 915 1053 965 nequiquam
1073 914 1182 952 recte
1201 914 1352 965 potest.
1389 912 1437 952 de

78 985 254 1012 numero
285 974 504 1024 pastorum
536 972 608 1011 alii
639 974 873 1025 angustius,
912 972 985 1011 alii
1015 972 1150 1011 laxius
1184 973 1438 1012 constituere

26 1045 60 1071 15
82 1031 230 1071 solent.
280 1045 357 1084 ego
390 1033 435 1071 in
467 1033 693 1085 octogenas
726 1030 858 1070 hirtas
892 1044 988 1071 oves
1023 1031 1213 1084 singulos
1246 1033 1435 1083 pastores

81 1091 294 1142 constitui,
327 1088 494 1130 Atticus
527 1093 573 1130 in
605 1092 811 1130 centenas.
867 1103 1014 1143 greges
1049 1092 1191 1130 ovium
1225 1093 1259 1130 si
1291 1090 1504 1143 magnill

79 1151 190 1201 sunt,
223 1163 328 1202 quos
360 1150 563 1190 miliarios
596 1150 758 1189 faciunt
789 1148 970 1202 quidam,
1003 1149 1168 1189 facilius
1199 1148 1246 1188 de
1274 1163 1437 1189 summa

78 1207 300 1248 hominum
331 1207 544 1249 detrahere
576 1211 725 1262 possis,
759 1222 885 1261 quam
911 1208 959 1248 de
984 1208 1231 1260 minoribus,
1263 1210 1311 1248 ut
1338 1210 1437 1248 sunt

79 1269 121 1307 et
143 1266 276 1308 Attici
309 1270 348 1308 et
380 1271 472 1308 mei.
524 1270 826 1321 septingenarii
858 1270 969 1307 enim
994 1266 1149 1320 me<i>:
1182 1270 1240 1320 tu,
1274 1270 1436 1320 opinor,

24 1341 60 1366 20
81 1328 389 1380 octingenarios
422 1327 619 1379 habuisti,
650 1341 726 1367 nec
757 1329 898 1366 tamen
928 1341 1025 1378 non,
1058 1329 1106 1366 ut
1136 1341 1226 1379 nos,
1259 1329 1436 1366 arietum

79 1385 296 1425 decumam
335 1388 508 1439 partem.
577 1386 628 1426 ad
669 1400 870 1439 equarum
910 1399 1081 1440 gregem
1123 1389 1436 1439 quinquagena-

79 1447 190 1485 rium
232 1445 322 1485 bini
366 1445 574 1498 homines,
618 1447 764 1498 utique
801 1447 975 1498 uterque
1016 1445 1168 1486 horum
1208 1448 1256 1485 ut
1297 1459 1436 1485 secum

79 1503 231 1544 habeat
274 1518 400 1557 equas
446 1504 624 1545 domitas
670 1504 859 1558 singulas
898 1507 943 1544 in
980 1504 1045 1544 his
1085 1504 1346 1558 regionibus,
1390 1507 1436 1544 in

79 1563 231 1616 quibus
252 1562 354 1616 (in)
374 1563 612 1617 stabula[ri]
637 1564 774 1604 solent
794 1577 919 1617 equas
941 1564 1119 1617 abigere,
1146 1566 1194 1603 ut
1212 1566 1257 1604 in
1278 1561 1437 1617 Apulia

24 1636 59 1662 25
80 1624 121 1662 et
151 1625 197 1662 in
229 1621 460 1676 Lucani[i]s
494 1623 644 1663 accidit
676 1637 808 1676 saepe.

200 1680 409 1729 Quoniam
440 1685 648 1736 promissa
680 1682 949 1733 absolvimus,
987 1684 1138 1735 inquit,
1172 1696 1326 1725 eamus,
1390 1680 1497 1724 Sim

79 1739 259 1793 quidem,
299 1743 485 1794 inquam,
519 1741 750 1782 adieceritis
784 1741 833 1781 de
865 1741 1196 1782 extraordinario
1228 1740 1436 1794 pecudum

78 1799 231 1853 fructu,
263 1799 366 1853 (ut)
398 1800 658 1854 praedictum
690 1802 763 1853 est,
802 1800 851 1840 de
882 1801 988 1840 lacte
1020 1803 1065 1840 in
1097 1815 1144 1841 eo
1178 1803 1217 1840 et
1248 1803 1435 1840 tonsura.

79 1857 206 1899 Lacte
237 1861 300 1899 est
332 1862 521 1900 omnium
552 1875 707 1913 rerum,
752 1874 855 1913 quas
895 1858 1045 1913 cibi[li]
1079 1873 1204 1900 causa
1235 1862 1435 1913 capimus,

197 1969 213 1996 1
228 1963 415 1997 eiuncidas
429 1964 615 1998 Turnebus
628 1968 661 1998 et
676 1964 866 1998 Victorius.
880 1963 1093 1997 leuuncidas
1114 1964 1124 2007 ΙΙ
1144 1970 1162 1996 3
1173 1965 1435 2007 praegnantem

76 2020 110 2043 v.
124 2020 307 2054 praegnax
322 2011 525 2055 (praegnati
538 2011 645 2048 Ellis)
663 2018 674 2054 ξ,
687 2018 700 2043 7
716 2021 835 2045 nonne
846 2011 1045 2054 denegauit
1059 2013 1143 2054 (non
1155 2011 1353 2054 denegauit
1370 2011 1415 2053 V)
1432 2015 1435 2055 Ι

78 2063 112 2090 11
138 2060 292 2100 possunt
317 2070 361 2093 m.
411 2059 555 2102 possint
584 2060 596 2100 11
627 2065 663 2091 16
698 2058 824 2093 ovium
859 2058 890 2092 si
921 2058 1048 2102 magni
1075 2061 1160 2091 sunt
1189 2059 1321 2102 scripsi
1346 2058 1436 2092 duce

79 2105 216 2140 Keilio.
266 2106 394 2140 ouium
427 2107 491 2139 sed
525 2117 702 2150 magnum
732 2108 743 2148 Η
774 2112 811 2139 18
846 2106 965 2149 possis
998 2106 1096 2140 Keil.
1145 2105 1264 2149 possit
1294 2107 1305 2147 Η
1336 2111 1372 2138 19
1399 2107 1435 2139 et

81 2151 193 2185 Attici
219 2154 254 2186 et
278 2153 362 2187 mei.
402 2153 665 2197 septingenarii
692 2153 791 2187 enim
816 2153 901 2194 mei,
927 2156 978 2194 tu,
1005 2152 1136 2196 opinor
1170 2153 1360 2187 Victorius.
1399 2154 1435 2185 et

79 2199 133 2232 ait
157 2199 219 2233 tici
247 2202 282 2234 et
306 2200 379 2234 mel
405 2201 652 2245 septingenari
677 2201 775 2234 enim
795 2211 854 2234 me
873 2203 912 2234 tu
932 2200 1063 2243 opinor
1082 2202 1092 2244 ΙΙ
1112 2206 1151 2233 20
1165 2199 1433 2243 octingenarios

81 2256 110 2280 v.
132 2247 402 2291 octingenarius
423 2250 433 2292 ΙΙ
453 2255 491 2281 24
512 2248 550 2281 in
570 2247 714 2282 stabula
728 2248 825 2283 Keil.
854 2247 1029 2281 stabulari
1051 2247 1288 2290 (stabulatum
1303 2248 1408 2284 idem)
1431 2246 1434 2291 Ι

79 2299 119 2326 25
144 2293 298 2328 lucaniis
320 2295 471 2337 (lucanis
496 2296 552 2339 V).
588 2295 749 2329 Lucania
767 2295 849 2329 Keil
868 2296 879 2339 Η
899 2301 937 2328 28
952 2294 1037 2329 add.
1061 2295 1241 2329 Victorms
1260 2297 1271 2337 ΙΙ
1290 2300 1328 2327 ‘39
1343 2294 1435 2328 lacte

81 2340 285 2376 Pontedera
311 2341 399 2377 duce
431 2343 561 2377 Ursino
589 2343 716 2387 (lanae.
742 2342 858 2386 lacte).
908 2342 1013 2375 lanae
1035 2346 1040 2386 Ι
1063 2342 1129 2377 del.
1154 2341 1345 2376 Iucundus
1363 2342 1374 2384 ΙΙ
