<?xml version="1.0" encoding="UTF-8"?>
<!DOCTYPE html PUBLIC "-//W3C//DTD XHTML 1.0 Transitional//EN"
    "http://www.w3.org/TR/xhtml1/DTD/xhtml1-transitional.dtd">
<html xmlns="http://www.w3.org/1999/xhtml" xml:lang="en" lang="en">
 <head>
  <title>
</title>
<meta http-equiv="Content-Type" content="text/html;charset=utf-8" />
  <meta name='ocr-system' content='tesseract 3.04.00' />
  <meta name='ocr-capabilities' content='ocr_page ocr_carea ocr_par ocr_line ocrx_word'/>
</head>
<body>
  <div class='ocr_page' id='page_1' title='image "./rerumrusticaruml00varruoft_0089.png"; bbox 0 0 1560 2506; ppageno 0'>
   <div class='ocr_carea' id='block_1_1' title="bbox 275 94 1434 135">
    <p class='ocr_par' dir='ltr' id='par_1_1' title="bbox 275 94 1434 135">
     <span class='ocr_line' id='line_1_1' title="bbox 275 94 1434 135; baseline -0.003 -4"><span class='ocrx_word' id='word_1_1' title='bbox 275 95 516 131; x_wconf 82' lang='lat' dir='ltr'><strong>VARRONIS</strong></span> <span class='ocrx_word' id='word_1_2' title='bbox 544 95 712 130; x_wconf 84' lang='lat' dir='ltr'>RERVM</span> <span class='ocrx_word' id='word_1_3' title='bbox 735 94 1040 129; x_wconf 80' lang='lat' dir='ltr'><strong>RVSTICARVM</strong></span> <span class='ocrx_word' id='word_1_4' title='bbox 1063 94 1149 128; x_wconf 80' lang='lat' dir='ltr'>LIB.</span> <span class='ocrx_word' id='word_1_5' title='bbox 1168 95 1200 128; x_wconf 92' lang='grc' dir='ltr'>Π</span> <span class='ocrx_word' id='word_1_6' title='bbox 1228 99 1244 128; x_wconf 88' lang='grc'>1</span> <span class='ocrx_word' id='word_1_7' title='bbox 1380 94 1434 135; x_wconf 79' lang='grc'>67</span> 
     </span>
    </p>
   </div>
   <div class='ocr_carea' id='block_1_2' title="bbox 35 191 1484 2077">
    <p class='ocr_par' dir='ltr' id='par_1_2' title="bbox 35 191 1484 2077">
     <span class='ocr_line' id='line_1_2' title="bbox 86 191 1436 246; baseline 0.001 -16"><span class='ocrx_word' id='word_1_8' title='bbox 86 194 252 244; x_wconf 84' lang='lat' dir='ltr'>geniem</span> <span class='ocrx_word' id='word_1_9' title='bbox 284 207 419 246; x_wconf 83' lang='lat' dir='ltr'>suam,</span> <span class='ocrx_word' id='word_1_10' title='bbox 461 195 533 245; x_wconf 88' lang='lat' dir='ltr'>qui</span> <span class='ocrx_word' id='word_1_11' title='bbox 565 191 841 233; x_wconf 87' lang='lat' dir='ltr'>condiderunt</span> <span class='ocrx_word' id='word_1_12' title='bbox 871 191 1034 244; x_wconf 86' lang='lat' dir='ltr'>urbem,</span> <span class='ocrx_word' id='word_1_13' title='bbox 1075 191 1135 231; x_wconf 89' lang='lat' dir='ltr'>ibi</span> <span class='ocrx_word' id='word_1_14' title='bbox 1168 194 1314 232; x_wconf 87' lang='lat' dir='ltr'>contra</span> <span class='ocrx_word' id='word_1_15' title='bbox 1343 206 1436 244; x_wconf 82' lang='lat' dir='ltr'>pro—</span> 
     </span>
     <span class='ocr_line' id='line_1_3' title="bbox 87 251 1438 304; baseline 0 -14"><span class='ocrx_word' id='word_1_16' title='bbox 87 253 229 304; x_wconf 87' lang='lat' dir='ltr'>genies</span> <span class='ocrx_word' id='word_1_17' title='bbox 262 266 405 292; x_wconf 85' lang='lat' dir='ltr'>eorum</span> <span class='ocrx_word' id='word_1_18' title='bbox 435 253 609 304; x_wconf 86' lang='lat' dir='ltr'>propter</span> <span class='ocrx_word' id='word_1_19' title='bbox 640 253 858 291; x_wconf 85' lang='lat' dir='ltr'>avaritiam</span> <span class='ocrx_word' id='word_1_20' title='bbox 890 253 1037 290; x_wconf 86' lang='lat' dir='ltr'>contra</span> <span class='ocrx_word' id='word_1_21' title='bbox 1066 251 1179 304; x_wconf 84' lang='lat' dir='ltr'>leges</span> <span class='ocrx_word' id='word_1_22' title='bbox 1213 265 1261 291; x_wconf 83' lang='lat' dir='ltr'>ex</span> <span class='ocrx_word' id='word_1_23' title='bbox 1291 253 1438 304; x_wconf 85' lang='lat' dir='ltr'>segeti-</span> 
     </span>
     <span class='ocr_line' id='line_1_4' title="bbox 87 308 1437 364; baseline 0 -15"><span class='ocrx_word' id='word_1_24' title='bbox 87 308 164 349; x_wconf 86' lang='lat' dir='ltr'>bus</span> <span class='ocrx_word' id='word_1_25' title='bbox 197 310 295 350; x_wconf 87' lang='lat' dir='ltr'>fecit</span> <span class='ocrx_word' id='word_1_26' title='bbox 317 313 450 364; x_wconf 84' lang='lat' dir='ltr'>prata,</span> <span class='ocrx_word' id='word_1_27' title='bbox 481 312 725 363; x_wconf 75' lang='lat' dir='ltr'>ignorantes</span> <span class='ocrx_word' id='word_1_28' title='bbox 751 323 838 350; x_wconf 89' lang='lat' dir='ltr'>non</span> <span class='ocrx_word' id='word_1_29' title='bbox 863 309 973 349; x_wconf 91' lang='lat' dir='ltr'>idem</span> <span class='ocrx_word' id='word_1_30' title='bbox 999 323 1086 349; x_wconf 88' lang='lat' dir='ltr'>esse</span> <span class='ocrx_word' id='word_1_31' title='bbox 1114 311 1204 363; x_wconf 86' lang='lat' dir='ltr'>agri</span> <span class='ocrx_word' id='word_1_32' title='bbox 1231 310 1437 350; x_wconf 83' lang='lat' dir='ltr'>culturam</span> 
     </span>
     <span class='ocr_line' id='line_1_5' title="bbox 89 369 1438 421; baseline 0.001 -14"><span class='ocrx_word' id='word_1_33' title='bbox 89 370 130 408; x_wconf 88' lang='lat' dir='ltr'>et</span> <span class='ocrx_word' id='word_1_34' title='bbox 171 370 419 421; x_wconf 89' lang='lat' dir='ltr'>pastionem.</span> <span class='ocrx_word' id='word_1_35' title='bbox 497 370 604 409; x_wconf 86' lang='lat' dir='ltr'>alius</span> <span class='ocrx_word' id='word_1_36' title='bbox 649 371 761 409; x_wconf 85' lang='lat' dir='ltr'>enim</span> <span class='ocrx_word' id='word_1_37' title='bbox 805 369 935 421; x_wconf 87' lang='lat' dir='ltr'>opilio</span> <span class='ocrx_word' id='word_1_38' title='bbox 981 371 1022 408; x_wconf 86' lang='lat' dir='ltr'>et</span> <span class='ocrx_word' id='word_1_39' title='bbox 1066 371 1220 420; x_wconf 78' lang='lat' dir='ltr'>arator,</span> <span class='ocrx_word' id='word_1_40' title='bbox 1263 382 1358 421; x_wconf 78' lang='lat' dir='ltr'>nec,</span> <span class='ocrx_word' id='word_1_41' title='bbox 1404 371 1438 408; x_wconf 92' lang='lat' dir='ltr'>si</span> 
     </span>
     <span class='ocr_line' id='line_1_6' title="bbox 51 427 1440 482; baseline 0 -16"><span class='ocrx_word' id='word_1_42' title='bbox 51 441 66 466; x_wconf 91' lang='lat'><strong>5</strong></span> <span class='ocrx_word' id='word_1_43' title='bbox 85 429 265 480; x_wconf 88' lang='lat' dir='ltr'>possunt</span> <span class='ocrx_word' id='word_1_44' title='bbox 288 430 335 468; x_wconf 87' lang='lat' dir='ltr'>in</span> <span class='ocrx_word' id='word_1_45' title='bbox 360 442 462 482; x_wconf 87' lang='lat' dir='ltr'>agro</span> <span class='ocrx_word' id='word_1_46' title='bbox 488 431 603 481; x_wconf 87' lang='lat' dir='ltr'>pasci</span> <span class='ocrx_word' id='word_1_47' title='bbox 629 428 883 480; x_wconf 72' lang='lat' dir='ltr'>(armenta),</span> <span class='ocrx_word' id='word_1_48' title='bbox 917 430 1192 467; x_wconf 72' lang='lat' dir='ltr'>armentarius</span> <span class='ocrx_word' id='word_1_49' title='bbox 1219 441 1306 468; x_wconf 89' lang='lat' dir='ltr'>non</span> <span class='ocrx_word' id='word_1_50' title='bbox 1334 427 1440 467; x_wconf 89' lang='lat' dir='ltr'>aliut</span> 
     </span>
     <span class='ocr_line' id='line_1_7' title="bbox 88 485 1439 540; baseline 0 -14"><span class='ocrx_word' id='word_1_51' title='bbox 88 500 134 526; x_wconf 88' lang='lat' dir='ltr'>ac</span> <span class='ocrx_word' id='word_1_52' title='bbox 163 485 383 528; x_wconf 89' lang='lat' dir='ltr'>bubulcus.</span> <span class='ocrx_word' id='word_1_53' title='bbox 454 489 689 527; x_wconf 75' lang='lat' dir='ltr'>armentum</span> <span class='ocrx_word' id='word_1_54' title='bbox 721 489 832 527; x_wconf 91' lang='lat' dir='ltr'>enim</span> <span class='ocrx_word' id='word_1_55' title='bbox 862 487 906 526; x_wconf 90' lang='lat' dir='ltr'>id</span> <span class='ocrx_word' id='word_1_56' title='bbox 938 486 1050 539; x_wconf 91' lang='lat' dir='ltr'>quod</span> <span class='ocrx_word' id='word_1_57' title='bbox 1081 489 1126 527; x_wconf 92' lang='lat' dir='ltr'>in</span> <span class='ocrx_word' id='word_1_58' title='bbox 1159 500 1259 540; x_wconf 86' lang='lat' dir='ltr'>agro</span> <span class='ocrx_word' id='word_1_59' title='bbox 1291 489 1439 526; x_wconf 86' lang='lat' dir='ltr'>natum</span> 
     </span>
     <span class='ocr_line' id='line_1_8' title="bbox 86 545 1438 598; baseline 0 -13"><span class='ocrx_word' id='word_1_60' title='bbox 86 558 174 585; x_wconf 90' lang='lat' dir='ltr'>non</span> <span class='ocrx_word' id='word_1_61' title='bbox 213 548 341 598; x_wconf 78' lang='lat' dir='ltr'>creat,</span> <span class='ocrx_word' id='word_1_62' title='bbox 392 546 463 587; x_wconf 89' lang='lat' dir='ltr'>sed</span> <span class='ocrx_word' id='word_1_63' title='bbox 506 547 621 587; x_wconf 84' lang='lat' dir='ltr'>tollit</span> <span class='ocrx_word' id='word_1_64' title='bbox 666 545 872 586; x_wconf 89' lang='lat' dir='ltr'>dentibus.</span> <span class='ocrx_word' id='word_1_65' title='bbox 947 548 1092 587; x_wconf 86' lang='lat' dir='ltr'>contra</span> <span class='ocrx_word' id='word_1_66' title='bbox 1134 545 1210 586; x_wconf 89' lang='lat' dir='ltr'>bos</span> <span class='ocrx_word' id='word_1_67' title='bbox 1256 545 1438 586; x_wconf 87' lang='lat' dir='ltr'>domitus</span> 
     </span>
     <span class='ocr_line' id='line_1_9' title="bbox 88 604 1440 658; baseline 0.001 -15"><span class='ocrx_word' id='word_1_68' title='bbox 88 617 212 644; x_wconf 88' lang='lat' dir='ltr'>causa</span> <span class='ocrx_word' id='word_1_69' title='bbox 246 604 296 645; x_wconf 90' lang='lat' dir='ltr'>fit</span> <span class='ocrx_word' id='word_1_70' title='bbox 333 607 382 645; x_wconf 90' lang='lat' dir='ltr'>ut</span> <span class='ocrx_word' id='word_1_71' title='bbox 419 605 676 646; x_wconf 84' lang='lat' dir='ltr'>commodius</span> <span class='ocrx_word' id='word_1_72' title='bbox 708 607 905 645; x_wconf 87' lang='lat' dir='ltr'>nascatur</span> <span class='ocrx_word' id='word_1_73' title='bbox 935 605 1193 645; x_wconf 80' lang='lat' dir='ltr'>frumentum</span> <span class='ocrx_word' id='word_1_74' title='bbox 1224 607 1268 645; x_wconf 87' lang='lat' dir='ltr'>in</span> <span class='ocrx_word' id='word_1_75' title='bbox 1302 608 1440 658; x_wconf 86' lang='lat' dir='ltr'>segete</span> 
     </span>
     <span class='ocr_line' id='line_1_10' title="bbox 88 663 1482 717; baseline 0.001 -15"><span class='ocrx_word' id='word_1_76' title='bbox 88 665 128 703; x_wconf 88' lang='lat' dir='ltr'>et</span> <span class='ocrx_word' id='word_1_77' title='bbox 157 663 361 716; x_wconf 91' lang='lat' dir='ltr'>pabulum</span> <span class='ocrx_word' id='word_1_78' title='bbox 391 667 438 704; x_wconf 92' lang='lat' dir='ltr'>in</span> <span class='ocrx_word' id='word_1_79' title='bbox 466 665 621 705; x_wconf 83' lang='lat' dir='ltr'>novali.</span> <span class='ocrx_word' id='word_1_80' title='bbox 684 665 783 716; x_wconf 84' lang='lat' dir='ltr'>alia,</span> <span class='ocrx_word' id='word_1_81' title='bbox 819 667 1011 717; x_wconf 80' lang='lat' dir='ltr'>inquam,</span> <span class='ocrx_word' id='word_1_82' title='bbox 1048 666 1156 704; x_wconf 87' lang='lat' dir='ltr'>ratio</span> <span class='ocrx_word' id='word_1_83' title='bbox 1189 678 1234 703; x_wconf 88' lang='lat' dir='ltr'>ac</span> <span class='ocrx_word' id='word_1_84' title='bbox 1268 664 1482 704; x_wconf 71' lang='lat' dir='ltr'>scientiaf)</span> 
     </span>
     <span class='ocr_line' id='line_1_11' title="bbox 35 722 1442 776; baseline 0 -14"><span class='ocrx_word' id='word_1_85' title='bbox 35 737 69 762; x_wconf 77' lang='grc' dir='ltr'>ιο</span> <span class='ocrx_word' id='word_1_86' title='bbox 88 722 238 775; x_wconf 83' lang='lat' dir='ltr'>coloni,</span> <span class='ocrx_word' id='word_1_87' title='bbox 271 724 353 763; x_wconf 88' lang='lat' dir='ltr'>alia</span> <span class='ocrx_word' id='word_1_88' title='bbox 377 726 577 776; x_wconf 86' lang='lat' dir='ltr'>pastoris:</span> <span class='ocrx_word' id='word_1_89' title='bbox 610 724 748 764; x_wconf 89' lang='lat' dir='ltr'>coloni</span> <span class='ocrx_word' id='word_1_90' title='bbox 775 737 822 763; x_wconf 88' lang='lat' dir='ltr'>ea</span> <span class='ocrx_word' id='word_1_91' title='bbox 847 737 951 776; x_wconf 84' lang='lat' dir='ltr'>quae</span> <span class='ocrx_word' id='word_1_92' title='bbox 978 726 1069 776; x_wconf 87' lang='lat' dir='ltr'>agri</span> <span class='ocrx_word' id='word_1_93' title='bbox 1095 724 1260 763; x_wconf 88' lang='lat' dir='ltr'>cultura</span> <span class='ocrx_word' id='word_1_94' title='bbox 1283 723 1442 763; x_wconf 86' lang='lat' dir='ltr'>factum</span> 
     </span>
     <span class='ocr_line' id='line_1_12' title="bbox 87 783 1443 835; baseline 0.001 -15"><span class='ocrx_word' id='word_1_95' title='bbox 87 783 136 820; x_wconf 91' lang='lat' dir='ltr'>ut</span> <span class='ocrx_word' id='word_1_96' title='bbox 177 785 446 822; x_wconf 86' lang='lat' dir='ltr'>nascerentur</span> <span class='ocrx_word' id='word_1_97' title='bbox 491 797 511 822; x_wconf 88' lang='lat' dir='ltr'>e</span> <span class='ocrx_word' id='word_1_98' title='bbox 555 785 681 835; x_wconf 84' lang='lat' dir='ltr'>terra,</span> <span class='ocrx_word' id='word_1_99' title='bbox 726 784 872 823; x_wconf 86' lang='lat' dir='ltr'>contra</span> <span class='ocrx_word' id='word_1_100' title='bbox 908 784 1090 835; x_wconf 85' lang='lat' dir='ltr'>pastoris</span> <span class='ocrx_word' id='word_1_101' title='bbox 1129 796 1176 822; x_wconf 89' lang='lat' dir='ltr'>ea</span> <span class='ocrx_word' id='word_1_102' title='bbox 1207 796 1312 835; x_wconf 86' lang='lat' dir='ltr'>quae</span> <span class='ocrx_word' id='word_1_103' title='bbox 1342 784 1443 822; x_wconf 87' lang='lat' dir='ltr'>nata</span> 
     </span>
     <span class='ocr_line' id='line_1_13' title="bbox 88 844 1441 894; baseline 0 -14"><span class='ocrx_word' id='word_1_104' title='bbox 88 854 137 880; x_wconf 85' lang='lat' dir='ltr'>ex</span> <span class='ocrx_word' id='word_1_105' title='bbox 173 855 332 894; x_wconf 90' lang='lat' dir='ltr'>pecore.</span> <span class='ocrx_word' id='word_1_106' title='bbox 395 856 571 894; x_wconf 88' lang='lat' dir='ltr'>quarum</span> <span class='ocrx_word' id='word_1_107' title='bbox 609 844 809 894; x_wconf 87' lang='lat' dir='ltr'>quoniam</span> <span class='ocrx_word' id='word_1_108' title='bbox 848 844 1022 881; x_wconf 85' lang='lat' dir='ltr'>societas</span> <span class='ocrx_word' id='word_1_109' title='bbox 1060 844 1171 881; x_wconf 87' lang='lat' dir='ltr'>inter</span> <span class='ocrx_word' id='word_1_110' title='bbox 1203 856 1245 881; x_wconf 89' lang='lat' dir='ltr'>se</span> <span class='ocrx_word' id='word_1_111' title='bbox 1276 855 1441 894; x_wconf 87' lang='lat' dir='ltr'>magna,</span> 
     </span>
     <span class='ocr_line' id='line_1_14' title="bbox 87 901 1444 954; baseline 0.001 -15"><span class='ocrx_word' id='word_1_112' title='bbox 87 902 310 952; x_wconf 86' lang='lat' dir='ltr'>propterea</span> <span class='ocrx_word' id='word_1_113' title='bbox 354 901 466 954; x_wconf 90' lang='lat' dir='ltr'>quod</span> <span class='ocrx_word' id='word_1_114' title='bbox 508 901 712 953; x_wconf 87' lang='lat' dir='ltr'>pabulum</span> <span class='ocrx_word' id='word_1_115' title='bbox 754 903 798 940; x_wconf 88' lang='lat' dir='ltr'>in</span> <span class='ocrx_word' id='word_1_116' title='bbox 843 901 973 941; x_wconf 89' lang='lat' dir='ltr'>fundo</span> <span class='ocrx_word' id='word_1_117' title='bbox 1019 914 1278 953; x_wconf 89' lang='lat' dir='ltr'>compascere</span> <span class='ocrx_word' id='word_1_118' title='bbox 1317 914 1444 953; x_wconf 88' lang='lat' dir='ltr'>quam</span> 
     </span>
     <span class='ocr_line' id='line_1_15' title="bbox 92 959 1444 1013; baseline 0 -14"><span class='ocrx_word' id='word_1_119' title='bbox 92 959 266 999; x_wconf 85' lang='lat' dir='ltr'>vendere</span> <span class='ocrx_word' id='word_1_120' title='bbox 315 960 561 1012; x_wconf 88' lang='lat' dir='ltr'>plerumque</span> <span class='ocrx_word' id='word_1_121' title='bbox 609 962 744 1013; x_wconf 85' lang='lat' dir='ltr'>magis</span> <span class='ocrx_word' id='word_1_122' title='bbox 796 960 963 1012; x_wconf 85' lang='lat' dir='ltr'>expedit</span> <span class='ocrx_word' id='word_1_123' title='bbox 1012 959 1181 1000; x_wconf 90' lang='lat' dir='ltr'>domino</span> <span class='ocrx_word' id='word_1_124' title='bbox 1232 959 1351 999; x_wconf 88' lang='lat' dir='ltr'>fundi</span> <span class='ocrx_word' id='word_1_125' title='bbox 1403 962 1444 999; x_wconf 90' lang='lat' dir='ltr'>et</span> 
     </span>
     <span class='ocr_line' id='line_1_16' title="bbox 37 1019 1444 1071; baseline 0.001 -14"><span class='ocrx_word' id='word_1_126' title='bbox 37 1033 69 1058; x_wconf 85' lang='lat'>15</span> <span class='ocrx_word' id='word_1_127' title='bbox 92 1020 334 1059; x_wconf 88' lang='lat' dir='ltr'>stercoratio</span> <span class='ocrx_word' id='word_1_128' title='bbox 380 1019 430 1058; x_wconf 88' lang='lat' dir='ltr'>ad</span> <span class='ocrx_word' id='word_1_129' title='bbox 473 1020 634 1059; x_wconf 86' lang='lat' dir='ltr'>fructus</span> <span class='ocrx_word' id='word_1_130' title='bbox 673 1021 887 1059; x_wconf 79' lang='lat' dir='ltr'>terrestres</span> <span class='ocrx_word' id='word_1_131' title='bbox 930 1021 1148 1071; x_wconf 82' lang='lat' dir='ltr'>aptissima</span> <span class='ocrx_word' id='word_1_132' title='bbox 1181 1021 1222 1058; x_wconf 87' lang='lat' dir='ltr'>et</span> <span class='ocrx_word' id='word_1_133' title='bbox 1251 1033 1444 1059; x_wconf 77' lang='lat' dir='ltr'>maxume</span> 
     </span>
     <span class='ocr_line' id='line_1_17' title="bbox 89 1076 1443 1131; baseline 0.001 -15"><span class='ocrx_word' id='word_1_134' title='bbox 89 1076 141 1116; x_wconf 87' lang='lat' dir='ltr'>ad</span> <span class='ocrx_word' id='word_1_135' title='bbox 182 1077 227 1117; x_wconf 89' lang='lat' dir='ltr'>id</span> <span class='ocrx_word' id='word_1_136' title='bbox 269 1091 394 1130; x_wconf 91' lang='lat' dir='ltr'>pecus</span> <span class='ocrx_word' id='word_1_137' title='bbox 435 1080 692 1131; x_wconf 82' lang='lat' dir='ltr'>appositum,</span> <span class='ocrx_word' id='word_1_138' title='bbox 738 1081 809 1131; x_wconf 89' lang='lat' dir='ltr'>qui</span> <span class='ocrx_word' id='word_1_139' title='bbox 847 1078 974 1118; x_wconf 88' lang='lat' dir='ltr'>habet</span> <span class='ocrx_word' id='word_1_140' title='bbox 1014 1078 1248 1131; x_wconf 80' lang='lat' dir='ltr'>praedium,</span> <span class='ocrx_word' id='word_1_141' title='bbox 1291 1077 1443 1118; x_wconf 84' lang='lat' dir='ltr'>habere</span> 
     </span>
     <span class='ocr_line' id='line_1_18' title="bbox 89 1136 1442 1191; baseline 0.001 -16"><span class='ocrx_word' id='word_1_142' title='bbox 89 1138 309 1189; x_wconf 87' lang='lat' dir='ltr'>utramque</span> <span class='ocrx_word' id='word_1_143' title='bbox 341 1136 462 1177; x_wconf 88' lang='lat' dir='ltr'>debet</span> <span class='ocrx_word' id='word_1_144' title='bbox 493 1137 770 1190; x_wconf 85' lang='lat' dir='ltr'>disciplinam,</span> <span class='ocrx_word' id='word_1_145' title='bbox 803 1140 844 1177; x_wconf 84' lang='lat' dir='ltr'>et</span> <span class='ocrx_word' id='word_1_146' title='bbox 875 1140 966 1191; x_wconf 84' lang='lat' dir='ltr'>agri</span> <span class='ocrx_word' id='word_1_147' title='bbox 999 1138 1186 1177; x_wconf 86' lang='lat' dir='ltr'>culturae</span> <span class='ocrx_word' id='word_1_148' title='bbox 1213 1140 1253 1177; x_wconf 89' lang='lat' dir='ltr'>et</span> <span class='ocrx_word' id='word_1_149' title='bbox 1279 1140 1442 1190; x_wconf 87' lang='lat' dir='ltr'>pecoris</span> 
     </span>
     <span class='ocr_line' id='line_1_19' title="bbox 88 1195 1443 1249; baseline 0.001 -14"><span class='ocrx_word' id='word_1_150' title='bbox 88 1195 303 1248; x_wconf 84' lang='lat' dir='ltr'>pascendi,</span> <span class='ocrx_word' id='word_1_151' title='bbox 350 1198 390 1236; x_wconf 90' lang='lat' dir='ltr'>et</span> <span class='ocrx_word' id='word_1_152' title='bbox 433 1199 559 1236; x_wconf 87' lang='lat' dir='ltr'>etiam</span> <span class='ocrx_word' id='word_1_153' title='bbox 602 1197 811 1237; x_wconf 79' lang='lat' dir='ltr'>villaticae</span> <span class='ocrx_word' id='word_1_154' title='bbox 855 1199 1074 1249; x_wconf 87' lang='lat' dir='ltr'>pastionis.</span> <span class='ocrx_word' id='word_1_155' title='bbox 1149 1210 1197 1236; x_wconf 89' lang='lat' dir='ltr'>ex</span> <span class='ocrx_word' id='word_1_156' title='bbox 1242 1210 1289 1236; x_wconf 87' lang='lat' dir='ltr'>ea</span> <span class='ocrx_word' id='word_1_157' title='bbox 1332 1199 1443 1236; x_wconf 89' lang='lat' dir='ltr'>enim</span> 
     </span>
     <span class='ocr_line' id='line_1_20' title="bbox 90 1255 1444 1308; baseline 0.001 -14"><span class='ocrx_word' id='word_1_158' title='bbox 90 1268 255 1307; x_wconf 91' lang='lat' dir='ltr'>quoque</span> <span class='ocrx_word' id='word_1_159' title='bbox 287 1255 447 1295; x_wconf 88' lang='lat' dir='ltr'>fructus</span> <span class='ocrx_word' id='word_1_160' title='bbox 479 1256 576 1296; x_wconf 86' lang='lat' dir='ltr'>tolli</span> <span class='ocrx_word' id='word_1_161' title='bbox 606 1258 786 1308; x_wconf 88' lang='lat' dir='ltr'>possunt</span> <span class='ocrx_word' id='word_1_162' title='bbox 816 1270 903 1296; x_wconf 89' lang='lat' dir='ltr'>non</span> <span class='ocrx_word' id='word_1_163' title='bbox 929 1255 1154 1296; x_wconf 88' lang='lat' dir='ltr'>mediocres</span> <span class='ocrx_word' id='word_1_164' title='bbox 1183 1269 1231 1295; x_wconf 77' lang='lat' dir='ltr'>ex</span> <span class='ocrx_word' id='word_1_165' title='bbox 1258 1255 1444 1296; x_wconf 88' lang='lat' dir='ltr'>ornitho-</span> 
     </span>
     <span class='ocr_line' id='line_1_21' title="bbox 37 1313 1484 1368; baseline 0.001 -15"><span class='ocrx_word' id='word_1_166' title='bbox 37 1329 72 1354; x_wconf 65' lang='grc' dir='ltr'>ρο</span> <span class='ocrx_word' id='word_1_167' title='bbox 89 1313 215 1354; x_wconf 90' lang='lat' dir='ltr'>nibus</span> <span class='ocrx_word' id='word_1_168' title='bbox 261 1328 307 1354; x_wconf 89' lang='lat' dir='ltr'>ac</span> <span class='ocrx_word' id='word_1_169' title='bbox 350 1315 569 1366; x_wconf 86' lang='lat' dir='ltr'>leporariis</span> <span class='ocrx_word' id='word_1_170' title='bbox 614 1317 655 1355; x_wconf 91' lang='lat' dir='ltr'>et</span> <span class='ocrx_word' id='word_1_171' title='bbox 697 1317 882 1368; x_wconf 81' lang='lat' dir='ltr'>piscinis.</span> <span class='ocrx_word' id='word_1_172' title='bbox 958 1329 978 1355; x_wconf 89' lang='lat' dir='ltr'>e</span> <span class='ocrx_word' id='word_1_173' title='bbox 1016 1317 1108 1367; x_wconf 89' lang='lat' dir='ltr'>quis</span> <span class='ocrx_word' id='word_1_174' title='bbox 1151 1317 1350 1367; x_wconf 89' lang='lat' dir='ltr'>quoniam</span> <span class='ocrx_word' id='word_1_175' title='bbox 1394 1314 1484 1355; x_wconf 75' lang='lat' dir='ltr'>dess</span> 
     </span>
     <span class='ocr_line' id='line_1_22' title="bbox 91 1373 1441 1426; baseline 0.001 -14"><span class='ocrx_word' id='word_1_176' title='bbox 91 1375 182 1426; x_wconf 86' lang='lat' dir='ltr'>agri</span> <span class='ocrx_word' id='word_1_177' title='bbox 239 1373 403 1413; x_wconf 86' lang='lat' dir='ltr'>cultura</span> <span class='ocrx_word' id='word_1_178' title='bbox 458 1373 614 1414; x_wconf 90' lang='lat' dir='ltr'>librum</span> <span class='ocrx_word' id='word_1_179' title='bbox 663 1373 906 1414; x_wconf 83' lang='lat' dir='ltr'>Fundaniae</span> <span class='ocrx_word' id='word_1_180' title='bbox 962 1376 1084 1415; x_wconf 87' lang='lat' dir='ltr'>uxori</span> <span class='ocrx_word' id='word_1_181' title='bbox 1133 1376 1305 1426; x_wconf 88' lang='lat' dir='ltr'>propter</span> <span class='ocrx_word' id='word_1_182' title='bbox 1354 1376 1441 1414; x_wconf 90' lang='lat' dir='ltr'>eius</span> 
     </span>
     <span class='ocr_line' id='line_1_23' title="bbox 90 1431 1444 1486; baseline 0.001 -15"><span class='ocrx_word' id='word_1_183' title='bbox 90 1431 269 1471; x_wconf 86' lang='lat' dir='ltr'>fundum</span> <span class='ocrx_word' id='word_1_184' title='bbox 294 1432 384 1485; x_wconf 76' lang='lat' dir='ltr'>feci,</span> <span class='ocrx_word' id='word_1_185' title='bbox 416 1432 506 1485; x_wconf 82' lang='lat' dir='ltr'>tibi,</span> <span class='ocrx_word' id='word_1_186' title='bbox 537 1432 672 1486; x_wconf 84' lang='lat' dir='ltr'>Niger</span> <span class='ocrx_word' id='word_1_187' title='bbox 691 1433 870 1473; x_wconf 88' lang='lat' dir='ltr'>Turrani</span> <span class='ocrx_word' id='word_1_188' title='bbox 895 1436 1050 1486; x_wconf 73' lang='lat' dir='ltr'>noster,</span> <span class='ocrx_word' id='word_1_189' title='bbox 1082 1435 1154 1486; x_wconf 89' lang='lat' dir='ltr'>qui</span> <span class='ocrx_word' id='word_1_190' title='bbox 1179 1432 1444 1473; x_wconf 86' lang='lat' dir='ltr'>vehementer</span> 
     </span>
     <span class='ocr_line' id='line_1_24' title="bbox 91 1490 1443 1545; baseline 0.001 -15"><span class='ocrx_word' id='word_1_191' title='bbox 91 1490 307 1531; x_wconf 87' lang='lat' dir='ltr'>delectaris</span> <span class='ocrx_word' id='word_1_192' title='bbox 348 1506 512 1545; x_wconf 89' lang='lat' dir='ltr'>pecore,</span> <span class='ocrx_word' id='word_1_193' title='bbox 556 1494 779 1545; x_wconf 86' lang='lat' dir='ltr'>propterea</span> <span class='ocrx_word' id='word_1_194' title='bbox 815 1492 927 1545; x_wconf 86' lang='lat' dir='ltr'>quod</span> <span class='ocrx_word' id='word_1_195' title='bbox 965 1495 1004 1532; x_wconf 86' lang='lat' dir='ltr'>te</span> <span class='ocrx_word' id='word_1_196' title='bbox 1047 1494 1367 1545; x_wconf 87' lang='lat' dir='ltr'>empturientem</span> <span class='ocrx_word' id='word_1_197' title='bbox 1398 1494 1443 1532; x_wconf 89' lang='lat' dir='ltr'>in</span> 
     </span>
     <span class='ocr_line' id='line_1_25' title="bbox 92 1549 1442 1604; baseline 0.001 -15"><span class='ocrx_word' id='word_1_198' title='bbox 92 1564 259 1603; x_wconf 89' lang='lat' dir='ltr'>campos</span> <span class='ocrx_word' id='word_1_199' title='bbox 297 1549 461 1591; x_wconf 78' lang='lat' dir='ltr'>Macros</span> <span class='ocrx_word' id='word_1_200' title='bbox 503 1551 554 1591; x_wconf 88' lang='lat' dir='ltr'>ad</span> <span class='ocrx_word' id='word_1_201' title='bbox 590 1554 818 1592; x_wconf 89' lang='lat' dir='ltr'>mercatum</span> <span class='ocrx_word' id='word_1_202' title='bbox 863 1551 1076 1591; x_wconf 81' lang='lat' dir='ltr'>adducunt</span> <span class='ocrx_word' id='word_1_203' title='bbox 1119 1551 1262 1592; x_wconf 88' lang='lat' dir='ltr'>crebro</span> <span class='ocrx_word' id='word_1_204' title='bbox 1306 1551 1442 1604; x_wconf 85' lang='lat' dir='ltr'>pedes,</span> 
     </span>
     <span class='ocr_line' id='line_1_26' title="bbox 39 1609 1443 1663; baseline 0.001 -14"><span class='ocrx_word' id='word_1_205' title='bbox 39 1624 70 1650; x_wconf 81' lang='lat'>25</span> <span class='ocrx_word' id='word_1_206' title='bbox 93 1622 176 1662; x_wconf 92' lang='lat' dir='ltr'>quo</span> <span class='ocrx_word' id='word_1_207' title='bbox 224 1609 389 1650; x_wconf 83' lang='lat' dir='ltr'>facilius</span> <span class='ocrx_word' id='word_1_208' title='bbox 439 1610 675 1663; x_wconf 86' lang='lat' dir='ltr'>sumptibus</span> <span class='ocrx_word' id='word_1_209' title='bbox 723 1611 858 1650; x_wconf 90' lang='lat' dir='ltr'>multa</span> <span class='ocrx_word' id='word_1_210' title='bbox 905 1610 1174 1663; x_wconf 84' lang='lat' dir='ltr'>poscentibus</span> <span class='ocrx_word' id='word_1_211' title='bbox 1218 1612 1443 1662; x_wconf 87' lang='lat' dir='ltr'>ministres,</span> 
     </span>
     <span class='ocr_line' id='line_1_27' title="bbox 93 1667 1444 1723; baseline 0.001 -16"><span class='ocrx_word' id='word_1_212' title='bbox 93 1667 205 1721; x_wconf 90' lang='lat' dir='ltr'>quod</span> <span class='ocrx_word' id='word_1_213' title='bbox 243 1682 291 1709; x_wconf 89' lang='lat' dir='ltr'>eo</span> <span class='ocrx_word' id='word_1_214' title='bbox 323 1669 487 1709; x_wconf 85' lang='lat' dir='ltr'>facilius</span> <span class='ocrx_word' id='word_1_215' title='bbox 521 1670 688 1722; x_wconf 78' lang='lat' dir='ltr'>faciam,</span> <span class='ocrx_word' id='word_1_216' title='bbox 733 1669 844 1722; x_wconf 88' lang='lat' dir='ltr'>quod</span> <span class='ocrx_word' id='word_1_217' title='bbox 877 1672 917 1710; x_wconf 87' lang='lat' dir='ltr'>et</span> <span class='ocrx_word' id='word_1_218' title='bbox 947 1672 1037 1723; x_wconf 89' lang='lat' dir='ltr'>ipse</span> <span class='ocrx_word' id='word_1_219' title='bbox 1068 1672 1281 1722; x_wconf 87' lang='lat' dir='ltr'>pecuarias</span> <span class='ocrx_word' id='word_1_220' title='bbox 1314 1669 1444 1709; x_wconf 86' lang='lat' dir='ltr'>habui</span> 
     </span>
     <span class='ocr_line' id='line_1_28' title="bbox 93 1727 1443 1781; baseline 0.001 -14"><span class='ocrx_word' id='word_1_221' title='bbox 93 1727 289 1780; x_wconf 82' lang='lat' dir='ltr'>grandes,</span> <span class='ocrx_word' id='word_1_222' title='bbox 332 1730 377 1769; x_wconf 89' lang='lat' dir='ltr'>in</span> <span class='ocrx_word' id='word_1_223' title='bbox 421 1727 580 1781; x_wconf 86' lang='lat' dir='ltr'>Apulia</span> <span class='ocrx_word' id='word_1_224' title='bbox 624 1731 802 1769; x_wconf 87' lang='lat' dir='ltr'>oviarias</span> <span class='ocrx_word' id='word_1_225' title='bbox 848 1731 888 1768; x_wconf 91' lang='lat' dir='ltr'>et</span> <span class='ocrx_word' id='word_1_226' title='bbox 929 1731 973 1769; x_wconf 92' lang='lat' dir='ltr'>in</span> <span class='ocrx_word' id='word_1_227' title='bbox 1018 1728 1196 1769; x_wconf 88' lang='lat' dir='ltr'>Reatino</span> <span class='ocrx_word' id='word_1_228' title='bbox 1241 1731 1443 1781; x_wconf 83' lang='lat' dir='ltr'>equarias,</span> 
     </span>
     <span class='ocr_line' id='line_1_29' title="bbox 94 1785 1444 1840; baseline 0.001 -14"><span class='ocrx_word' id='word_1_229' title='bbox 94 1785 212 1839; x_wconf 87' lang='lat' dir='ltr'>[qua]</span> <span class='ocrx_word' id='word_1_230' title='bbox 252 1786 300 1826; x_wconf 88' lang='lat' dir='ltr'>de</span> <span class='ocrx_word' id='word_1_231' title='bbox 338 1801 381 1827; x_wconf 89' lang='lat' dir='ltr'>re</span> <span class='ocrx_word' id='word_1_232' title='bbox 419 1791 614 1840; x_wconf 88' lang='lat' dir='ltr'>pecuaria</span> <span class='ocrx_word' id='word_1_233' title='bbox 643 1787 824 1828; x_wconf 84' lang='lat' dir='ltr'>breviter</span> <span class='ocrx_word' id='word_1_234' title='bbox 856 1802 901 1828; x_wconf 87' lang='lat' dir='ltr'>ac</span> <span class='ocrx_word' id='word_1_235' title='bbox 934 1790 1174 1828; x_wconf 89' lang='lat' dir='ltr'>summatim</span> <span class='ocrx_word' id='word_1_236' title='bbox 1205 1801 1444 1840; x_wconf 88' lang='lat' dir='ltr'>percurram</span> 
     </span>
     <span class='ocr_line' id='line_1_30' title="bbox 94 1846 1443 1899; baseline 0.001 -14"><span class='ocrx_word' id='word_1_237' title='bbox 94 1859 142 1885; x_wconf 85' lang='lat' dir='ltr'>ex</span> <span class='ocrx_word' id='word_1_238' title='bbox 186 1846 447 1886; x_wconf 89' lang='lat' dir='ltr'>sermonibus</span> <span class='ocrx_word' id='word_1_239' title='bbox 488 1849 645 1887; x_wconf 86' lang='lat' dir='ltr'>nostris</span> <span class='ocrx_word' id='word_1_240' title='bbox 689 1847 852 1888; x_wconf 86' lang='lat' dir='ltr'>collatis</span> <span class='ocrx_word' id='word_1_241' title='bbox 895 1861 989 1887; x_wconf 88' lang='lat' dir='ltr'>cum</span> <span class='ocrx_word' id='word_1_242' title='bbox 1028 1849 1080 1887; x_wconf 89' lang='lat' dir='ltr'>iis</span> <span class='ocrx_word' id='word_1_243' title='bbox 1120 1849 1191 1899; x_wconf 88' lang='lat' dir='ltr'>qui</span> <span class='ocrx_word' id='word_1_244' title='bbox 1228 1849 1443 1899; x_wconf 89' lang='lat' dir='ltr'>pecuarias</span> 
     </span>
     <span class='ocr_line' id='line_1_31' title="bbox 42 1903 1443 1959; baseline 0 -14"><span class='ocrx_word' id='word_1_245' title='bbox 42 1920 76 1945; x_wconf 79' lang='lat'>30</span> <span class='ocrx_word' id='word_1_246' title='bbox 94 1903 332 1944; x_wconf 87' lang='lat' dir='ltr'>habuerunt</span> <span class='ocrx_word' id='word_1_247' title='bbox 367 1907 414 1945; x_wconf 90' lang='lat' dir='ltr'>in</span> <span class='ocrx_word' id='word_1_248' title='bbox 444 1904 575 1959; x_wconf 85' lang='lat' dir='ltr'>Epiro</span> <span class='ocrx_word' id='word_1_249' title='bbox 613 1920 806 1959; x_wconf 81' lang='lat' dir='ltr'>magnas,</span> <span class='ocrx_word' id='word_1_250' title='bbox 849 1908 941 1946; x_wconf 89' lang='lat' dir='ltr'>tum</span> <span class='ocrx_word' id='word_1_251' title='bbox 985 1920 1079 1946; x_wconf 89' lang='lat' dir='ltr'>cum</span> <span class='ocrx_word' id='word_1_252' title='bbox 1115 1908 1293 1959; x_wconf 85' lang='lat' dir='ltr'>piratico</span> <span class='ocrx_word' id='word_1_253' title='bbox 1331 1905 1443 1946; x_wconf 91' lang='lat' dir='ltr'>bello</span> 
     </span>
     <span class='ocr_line' id='line_1_32' title="bbox 93 1962 1443 2017; baseline 0.001 -14"><span class='ocrx_word' id='word_1_254' title='bbox 93 1965 204 2003; x_wconf 86' lang='lat' dir='ltr'>inter</span> <span class='ocrx_word' id='word_1_255' title='bbox 233 1962 387 2004; x_wconf 89' lang='lat' dir='ltr'>Delum</span> <span class='ocrx_word' id='word_1_256' title='bbox 425 1967 465 2005; x_wconf 88' lang='lat' dir='ltr'>et</span> <span class='ocrx_word' id='word_1_257' title='bbox 503 1963 689 2005; x_wconf 83' lang='lat' dir='ltr'>Siciliam</span> <span class='ocrx_word' id='word_1_258' title='bbox 727 1964 921 2006; x_wconf 85' lang='lat' dir='ltr'>Graeciae</span> <span class='ocrx_word' id='word_1_259' title='bbox 960 1964 1161 2005; x_wconf 88' lang='lat' dir='ltr'>classibus</span> <span class='ocrx_word' id='word_1_260' title='bbox 1199 1979 1443 2017; x_wconf 85' lang='lat' dir='ltr'>praeessem.</span> 
     </span>
     <span class='ocr_line' id='line_1_33' title="bbox 95 2023 1009 2077; baseline 0.002 -15"><span class='ocrx_word' id='word_1_261' title='bbox 95 2024 295 2075; x_wconf 89' lang='lat' dir='ltr'>incipiam</span> <span class='ocrx_word' id='word_1_262' title='bbox 327 2023 425 2064; x_wconf 90' lang='lat' dir='ltr'>hinc</span> <span class='ocrx_word' id='word_1_263' title='bbox 458 2040 526 2061; x_wconf 57' lang='lat' dir='ltr'>*n</span> <span class='ocrx_word' id='word_1_264' title='bbox 563 2023 648 2077; x_wconf 90' lang='lat' dir='ltr'>[hic</span> <span class='ocrx_word' id='word_1_265' title='bbox 677 2023 1009 2077; x_wconf 67' lang='lat' dir='ltr'>intermisimus}</span> 
     </span>
    </p>
   </div>
   <div class='ocr_carea' id='block_1_3' title="bbox 92 2138 1444 2372">
    <p class='ocr_par' dir='ltr' id='par_1_3' title="bbox 92 2138 1444 2372">
     <span class='ocr_line' id='line_1_34' title="bbox 214 2138 1443 2182; baseline 0.002 -12"><span class='ocrx_word' id='word_1_266' title='bbox 214 2143 232 2170; x_wconf 83' lang='lat'><strong>5</strong></span> <span class='ocrx_word' id='word_1_267' title='bbox 258 2138 343 2172; x_wconf 78' lang='lat' dir='ltr'>add.</span> <span class='ocrx_word' id='word_1_268' title='bbox 361 2138 447 2172; x_wconf 64' lang='lat' dir='ltr'>Keil</span> <span class='ocrx_word' id='word_1_269' title='bbox 465 2139 476 2182; x_wconf 90' lang='grc' dir='ltr'>ΙΙ</span> <span class='ocrx_word' id='word_1_270' title='bbox 495 2145 532 2171; x_wconf 88' lang='grc'>10</span> <span class='ocrx_word' id='word_1_271' title='bbox 559 2149 602 2172; x_wconf 87' lang='lat' dir='ltr'>ea</span> <span class='ocrx_word' id='word_1_272' title='bbox 627 2149 720 2181; x_wconf 86' lang='lat' dir='ltr'>quae</span> <span class='ocrx_word' id='word_1_273' title='bbox 748 2150 765 2173; x_wconf 87' lang='grc' dir='ltr'><em>υ</em></span> <span class='ocrx_word' id='word_1_274' title='bbox 791 2143 823 2173; x_wconf 77' lang='lat' dir='ltr'>et</span> <span class='ocrx_word' id='word_1_275' title='bbox 849 2140 935 2174; x_wconf 68' lang='lat' dir='ltr'>libri</span> <span class='ocrx_word' id='word_1_276' title='bbox 958 2140 1175 2174; x_wconf 77' lang='lat' dir='ltr'>recentiores.</span> <span class='ocrx_word' id='word_1_277' title='bbox 1227 2150 1342 2182; x_wconf 87' lang='lat' dir='ltr'>aeque</span> <span class='ocrx_word' id='word_1_278' title='bbox 1366 2138 1443 2182; x_wconf 84' lang='lat' dir='ltr'>(ad-</span> 
     </span>
     <span class='ocr_line' id='line_1_35' title="bbox 92 2185 1442 2230; baseline 0.001 -12"><span class='ocrx_word' id='word_1_279' title='bbox 92 2185 215 2228; x_wconf 77' lang='lat' dir='ltr'>posita</span> <span class='ocrx_word' id='word_1_280' title='bbox 228 2190 316 2220; x_wconf 79' lang='lat' dir='ltr'>nota</span> <span class='ocrx_word' id='word_1_281' title='bbox 332 2186 452 2220; x_wconf 76' lang='lat' dir='ltr'>mendi</span> <span class='ocrx_word' id='word_1_282' title='bbox 466 2186 569 2229; x_wconf 74' lang='lat' dir='ltr'>Vicl.)</span> <span class='ocrx_word' id='word_1_283' title='bbox 589 2187 600 2229; x_wconf 79' lang='grc' dir='ltr'>Η</span> <span class='ocrx_word' id='word_1_284' title='bbox 619 2193 655 2219; x_wconf 79' lang='lat'>14</span> <span class='ocrx_word' id='word_1_285' title='bbox 670 2186 817 2229; x_wconf 82' lang='lat' dir='ltr'>expedit</span> <span class='ocrx_word' id='word_1_286' title='bbox 827 2198 899 2221; x_wconf 84' lang='lat' dir='ltr'>mv.</span> <span class='ocrx_word' id='word_1_287' title='bbox 913 2187 1064 2230; x_wconf 80' lang='lat' dir='ltr'>expetiit</span> <span class='ocrx_word' id='word_1_288' title='bbox 1082 2188 1093 2230; x_wconf 83' lang='grc' dir='ltr'>ΙΙ</span> <span class='ocrx_word' id='word_1_289' title='bbox 1112 2193 1146 2219; x_wconf 78' lang='lat'>17</span> <span class='ocrx_word' id='word_1_290' title='bbox 1160 2187 1401 2230; x_wconf 74' lang='lat' dir='ltr'>agriculturae</span> <span class='ocrx_word' id='word_1_291' title='bbox 1412 2197 1442 2220; x_wconf 84' lang='lat' dir='ltr'>v.</span> 
     </span>
     <span class='ocr_line' id='line_1_36' title="bbox 98 2231 1443 2278; baseline 0.001 -14"><span class='ocrx_word' id='word_1_292' title='bbox 98 2231 176 2274; x_wconf 85' lang='lat' dir='ltr'>agri</span> <span class='ocrx_word' id='word_1_293' title='bbox 202 2231 381 2266; x_wconf 87' lang='lat' dir='ltr'>culturam</span> <span class='ocrx_word' id='word_1_294' title='bbox 399 2234 411 2276; x_wconf 80' lang='grc' dir='ltr'>ΙΙ</span> <span class='ocrx_word' id='word_1_295' title='bbox 430 2239 466 2266; x_wconf 83' lang='grc'>19</span> <span class='ocrx_word' id='word_1_296' title='bbox 492 2233 712 2267; x_wconf 86' lang='lat' dir='ltr'>ornitoribus</span> <span class='ocrx_word' id='word_1_297' title='bbox 740 2233 1006 2277; x_wconf 84' lang='lat' dir='ltr'>(ornithonibus</span> <span class='ocrx_word' id='word_1_298' title='bbox 1039 2234 1087 2278; x_wconf 89' lang='lat' dir='ltr'>V)</span> <span class='ocrx_word' id='word_1_299' title='bbox 1108 2237 1118 2276; x_wconf 88' lang='grc' dir='ltr'>ΙΙ</span> <span class='ocrx_word' id='word_1_300' title='bbox 1138 2240 1175 2266; x_wconf 77' lang='lat'>22</span> <span class='ocrx_word' id='word_1_301' title='bbox 1201 2234 1338 2267; x_wconf 78' lang='lat' dir='ltr'>tun-ani</span> <span class='ocrx_word' id='word_1_302' title='bbox 1359 2233 1443 2276; x_wconf 83' lang='lat' dir='ltr'>(Tu-</span> 
     </span>
     <span class='ocr_line' id='line_1_37' title="bbox 97 2278 1444 2324; baseline 0.002 -14"><span class='ocrx_word' id='word_1_303' title='bbox 97 2278 202 2311; x_wconf 85' lang='lat' dir='ltr'>ranni</span> <span class='ocrx_word' id='word_1_304' title='bbox 218 2279 267 2322; x_wconf 86' lang='lat' dir='ltr'>V)</span> <span class='ocrx_word' id='word_1_305' title='bbox 281 2280 291 2324; x_wconf 72' lang='grc' dir='ltr'>ΙΙ</span> <span class='ocrx_word' id='word_1_306' title='bbox 305 2285 342 2312; x_wconf 82' lang='lat'>28</span> <span class='ocrx_word' id='word_1_307' title='bbox 354 2279 419 2314; x_wconf 79' lang='lat' dir='ltr'>del.</span> <span class='ocrx_word' id='word_1_308' title='bbox 444 2280 663 2324; x_wconf 55' lang='lat' dir='ltr'>Ursimcsu‘ze</span> <span class='ocrx_word' id='word_1_309' title='bbox 676 2283 823 2324; x_wconf 85' lang='lat' dir='ltr'>propter</span> <span class='ocrx_word' id='word_1_310' title='bbox 837 2281 936 2324; x_wconf 89' lang='lat' dir='ltr'>quod</span> <span class='ocrx_word' id='word_1_311' title='bbox 950 2281 1191 2316; x_wconf 70' lang='lat' dir='ltr'>Reitzenstein</span> <span class='ocrx_word' id='word_1_312' title='bbox 1200 2282 1255 2324; x_wconf 75' lang='grc'><strong>1132</strong></span> <span class='ocrx_word' id='word_1_313' title='bbox 1269 2280 1444 2323; x_wconf 82' lang='lat' dir='ltr'>incipiam</span> 
     </span>
     <span class='ocr_line' id='line_1_38' title="bbox 98 2324 1444 2372; baseline 0.002 -15"><span class='ocrx_word' id='word_1_314' title='bbox 98 2324 183 2357; x_wconf 86' lang='lat' dir='ltr'>hinc</span> <span class='ocrx_word' id='word_1_315' title='bbox 201 2325 280 2359; x_wconf 86' lang='lat' dir='ltr'>HIC</span> <span class='ocrx_word' id='word_1_316' title='bbox 299 2325 637 2361; x_wconf 79' lang='lat' dir='ltr'>INTERMISIMVS</span> <span class='ocrx_word' id='word_1_317' title='bbox 665 2328 762 2371; x_wconf 82' lang='lat' dir='ltr'>(haec</span> <span class='ocrx_word' id='word_1_318' title='bbox 788 2329 859 2362; x_wconf 80' lang='lat' dir='ltr'>duo</span> <span class='ocrx_word' id='word_1_319' title='bbox 884 2338 955 2363; x_wconf 78' lang='lat' dir='ltr'>voc.</span> <span class='ocrx_word' id='word_1_320' title='bbox 983 2339 1048 2363; x_wconf 84' lang='lat' dir='ltr'>om.</span> <span class='ocrx_word' id='word_1_321' title='bbox 1078 2329 1125 2372; x_wconf 90' lang='lat' dir='ltr'>V)</span> <span class='ocrx_word' id='word_1_322' title='bbox 1152 2339 1234 2361; x_wconf 88' lang='lat' dir='ltr'>cum</span> <span class='ocrx_word' id='word_1_323' title='bbox 1259 2330 1444 2361; x_wconf 45' lang='lat' dir='ltr'>menatesw</span> 
     </span>
    </p>
   </div>
   <div class='ocr_carea' id='block_1_4' title="bbox 1185 2385 1230 2419">
    <p class='ocr_par' dir='ltr' id='par_1_4' title="bbox 1185 2385 1230 2419">
     <span class='ocr_line' id='line_1_39' title="bbox 1185 2385 1230 2419; baseline 0 -17"><span class='ocrx_word' id='word_1_324' title='bbox 1185 2385 1230 2419; x_wconf 68' lang='grc' dir='ltr'>Ο*</span> 
     </span>
    </p>
   </div>
  </div>
 </body>
</html>
