<?xml version="1.0" encoding="UTF-8"?>
<!DOCTYPE html PUBLIC "-//W3C//DTD XHTML 1.0 Transitional//EN"
    "http://www.w3.org/TR/xhtml1/DTD/xhtml1-transitional.dtd">
<html xmlns="http://www.w3.org/1999/xhtml" xml:lang="en" lang="en">
 <head>
  <title>
</title>
<meta http-equiv="Content-Type" content="text/html;charset=utf-8" />
  <meta name='ocr-system' content='tesseract 3.04.00' />
  <meta name='ocr-capabilities' content='ocr_page ocr_carea ocr_par ocr_line ocrx_word'/>
</head>
<body>
  <div class='ocr_page' id='page_1' title='image "./rerumrusticaruml00varruoft_0056.png"; bbox 0 0 1555 2527; ppageno 0'>
   <div class='ocr_carea' id='block_1_1' title="bbox 87 72 883 113">
    <p class='ocr_par' dir='ltr' id='par_1_1' title="bbox 87 72 883 113">
     <span class='ocr_line' id='line_1_1' title="bbox 87 72 883 113; baseline 0.003 -7"><span class='ocrx_word' id='word_1_1' title='bbox 87 72 143 113; x_wconf 79' lang='lat'>34</span> <span class='ocrx_word' id='word_1_2' title='bbox 642 73 883 108; x_wconf 77' lang='lat' dir='ltr'><strong>VARRONIS</strong></span> 
     </span>
    </p>
   </div>
   <div class='ocr_carea' id='block_1_2' title="bbox 27 173 1443 2129">
    <p class='ocr_par' dir='ltr' id='par_1_2' title="bbox 86 173 1439 405">
     <span class='ocr_line' id='line_1_2' title="bbox 87 173 1437 227; baseline 0.003 -17"><span class='ocrx_word' id='word_1_3' title='bbox 87 173 299 224; x_wconf 85' lang='lat' dir='ltr'>praeterea</span> <span class='ocrx_word' id='word_1_4' title='bbox 332 173 598 224; x_wconf 88' lang='lat' dir='ltr'>potissimum</span> <span class='ocrx_word' id='word_1_5' title='bbox 632 186 700 212; x_wconf 91' lang='lat' dir='ltr'>eos</span> <span class='ocrx_word' id='word_1_6' title='bbox 734 186 922 225; x_wconf 85' lang='lat' dir='ltr'>praeesse</span> <span class='ocrx_word' id='word_1_7' title='bbox 955 175 1164 226; x_wconf 78' lang='lat' dir='ltr'>oportere,</span> <span class='ocrx_word' id='word_1_8' title='bbox 1209 175 1280 226; x_wconf 92' lang='lat' dir='ltr'>qui</span> <span class='ocrx_word' id='word_1_9' title='bbox 1312 176 1437 227; x_wconf 88' lang='lat' dir='ltr'>periti</span> 
     </span>
     <span class='ocr_line' id='line_1_3' title="bbox 87 232 1438 273; baseline 0.002 -3"><span class='ocrx_word' id='word_1_10' title='bbox 87 232 172 270; x_wconf 89' lang='lat' dir='ltr'>sint</span> <span class='ocrx_word' id='word_1_11' title='bbox 215 245 353 270; x_wconf 88' lang='lat' dir='ltr'>rerum</span> <span class='ocrx_word' id='word_1_12' title='bbox 397 233 659 271; x_wconf 85' lang='lat' dir='ltr'>rusticarum.</span> <span class='ocrx_word' id='word_1_13' title='bbox 730 246 816 272; x_wconf 86' lang='lat' dir='ltr'>non</span> <span class='ocrx_word' id='word_1_14' title='bbox 855 232 992 272; x_wconf 88' lang='lat' dir='ltr'>solum</span> <span class='ocrx_word' id='word_1_15' title='bbox 1031 234 1141 272; x_wconf 90' lang='lat' dir='ltr'>enim</span> <span class='ocrx_word' id='word_1_16' title='bbox 1180 232 1325 272; x_wconf 90' lang='lat' dir='ltr'>debere</span> <span class='ocrx_word' id='word_1_17' title='bbox 1363 235 1438 273; x_wconf 88' lang='lat' dir='ltr'>im-</span> 
     </span>
     <span class='ocr_line' id='line_1_4' title="bbox 86 290 1439 344; baseline 0.002 -15"><span class='ocrx_word' id='word_1_18' title='bbox 86 304 246 343; x_wconf 82' lang='lat' dir='ltr'>perare,</span> <span class='ocrx_word' id='word_1_19' title='bbox 292 290 362 330; x_wconf 90' lang='lat' dir='ltr'>sed</span> <span class='ocrx_word' id='word_1_20' title='bbox 400 292 525 330; x_wconf 88' lang='lat' dir='ltr'>etiam</span> <span class='ocrx_word' id='word_1_21' title='bbox 564 291 712 344; x_wconf 83' lang='lat' dir='ltr'>facere,</span> <span class='ocrx_word' id='word_1_22' title='bbox 758 293 804 331; x_wconf 90' lang='lat' dir='ltr'>ut</span> <span class='ocrx_word' id='word_1_23' title='bbox 842 291 1062 331; x_wconf 73' lang='lat' dir='ltr'>facientem</span> <span class='ocrx_word' id='word_1_24' title='bbox 1100 294 1287 332; x_wconf 74' lang='lat' dir='ltr'>imitetur</span> <span class='ocrx_word' id='word_1_25' title='bbox 1319 294 1360 332; x_wconf 91' lang='lat' dir='ltr'>et</span> <span class='ocrx_word' id='word_1_26' title='bbox 1391 294 1439 332; x_wconf 90' lang='lat' dir='ltr'>ut</span> 
     </span>
     <span class='ocr_line' id='line_1_5' title="bbox 88 350 1438 405; baseline 0.002 -16"><span class='ocrx_word' id='word_1_27' title='bbox 88 350 391 389; x_wconf 84' lang='lat' dir='ltr'>animadvertat</span> <span class='ocrx_word' id='word_1_28' title='bbox 447 364 540 389; x_wconf 84' lang='lat' dir='ltr'>eum</span> <span class='ocrx_word' id='word_1_29' title='bbox 592 364 684 390; x_wconf 87' lang='lat' dir='ltr'>cum</span> <span class='ocrx_word' id='word_1_30' title='bbox 742 364 866 390; x_wconf 87' lang='lat' dir='ltr'>causa</span> <span class='ocrx_word' id='word_1_31' title='bbox 921 350 1000 390; x_wconf 87' lang='lat' dir='ltr'>sibi</span> <span class='ocrx_word' id='word_1_32' title='bbox 1056 365 1262 404; x_wconf 86' lang='lat' dir='ltr'>praeesse,</span> <span class='ocrx_word' id='word_1_33' title='bbox 1325 351 1438 405; x_wconf 86' lang='lat' dir='ltr'>quod</span> 
     </span>
    </p>

    <p class='ocr_par' dir='ltr' id='par_1_3' title="bbox 46 409 1441 939">
     <span class='ocr_line' id='line_1_6' title="bbox 46 409 1438 463; baseline 0.002 -15"><span class='ocrx_word' id='word_1_34' title='bbox 46 409 261 449; x_wconf 80' lang='lat' dir='ltr'>5scientia</span> <span class='ocrx_word' id='word_1_35' title='bbox 310 411 504 462; x_wconf 87' lang='lat' dir='ltr'>praestet.</span> <span class='ocrx_word' id='word_1_36' title='bbox 583 424 716 463; x_wconf 89' lang='lat' dir='ltr'>neque</span> <span class='ocrx_word' id='word_1_37' title='bbox 761 411 846 450; x_wconf 90' lang='lat' dir='ltr'>illis</span> <span class='ocrx_word' id='word_1_38' title='bbox 898 409 1205 451; x_wconf 87' lang='lat' dir='ltr'>concedendum</span> <span class='ocrx_word' id='word_1_39' title='bbox 1255 413 1315 451; x_wconf 89' lang='lat' dir='ltr'>ita</span> <span class='ocrx_word' id='word_1_40' title='bbox 1363 413 1438 451; x_wconf 92' lang='lat' dir='ltr'>im-</span> 
     </span>
     <span class='ocr_line' id='line_1_7' title="bbox 87 468 1438 523; baseline 0.001 -15"><span class='ocrx_word' id='word_1_41' title='bbox 87 482 246 522; x_wconf 80' lang='lat' dir='ltr'>perare,</span> <span class='ocrx_word' id='word_1_42' title='bbox 285 471 332 508; x_wconf 90' lang='lat' dir='ltr'>ut</span> <span class='ocrx_word' id='word_1_43' title='bbox 364 468 603 509; x_wconf 85' lang='lat' dir='ltr'>verberibus</span> <span class='ocrx_word' id='word_1_44' title='bbox 637 471 852 510; x_wconf 78' lang='lat' dir='ltr'>coerceant</span> <span class='ocrx_word' id='word_1_45' title='bbox 883 471 1024 522; x_wconf 90' lang='lat' dir='ltr'>potius</span> <span class='ocrx_word' id='word_1_46' title='bbox 1059 484 1184 523; x_wconf 86' lang='lat' dir='ltr'>quam</span> <span class='ocrx_word' id='word_1_47' title='bbox 1215 469 1369 523; x_wconf 89' lang='lat' dir='ltr'>verbis,</span> <span class='ocrx_word' id='word_1_48' title='bbox 1403 472 1438 510; x_wconf 93' lang='lat' dir='ltr'>si</span> 
     </span>
     <span class='ocr_line' id='line_1_8' title="bbox 86 528 1437 581; baseline 0.002 -14"><span class='ocrx_word' id='word_1_49' title='bbox 86 528 210 568; x_wconf 86' lang='lat' dir='ltr'>modo</span> <span class='ocrx_word' id='word_1_50' title='bbox 256 528 365 568; x_wconf 89' lang='lat' dir='ltr'>idem</span> <span class='ocrx_word' id='word_1_51' title='bbox 410 528 570 568; x_wconf 83' lang='lat' dir='ltr'>efficere</span> <span class='ocrx_word' id='word_1_52' title='bbox 613 531 762 581; x_wconf 90' lang='lat' dir='ltr'>possis.</span> <span class='ocrx_word' id='word_1_53' title='bbox 841 542 976 581; x_wconf 90' lang='lat' dir='ltr'>neque</span> <span class='ocrx_word' id='word_1_54' title='bbox 1021 529 1204 570; x_wconf 87' lang='lat' dir='ltr'>eiusdem</span> <span class='ocrx_word' id='word_1_55' title='bbox 1252 532 1437 570; x_wconf 81' lang='lat' dir='ltr'>nationis</span> 
     </span>
     <span class='ocr_line' id='line_1_9' title="bbox 88 587 1439 642; baseline 0.002 -16"><span class='ocrx_word' id='word_1_56' title='bbox 88 588 228 640; x_wconf 87' lang='lat' dir='ltr'>plures</span> <span class='ocrx_word' id='word_1_57' title='bbox 273 587 480 640; x_wconf 86' lang='lat' dir='ltr'>parandos</span> <span class='ocrx_word' id='word_1_58' title='bbox 526 602 630 628; x_wconf 89' lang='lat' dir='ltr'>esse:</span> <span class='ocrx_word' id='word_1_59' title='bbox 676 602 723 628; x_wconf 85' lang='lat' dir='ltr'>ex</span> <span class='ocrx_word' id='word_1_60' title='bbox 763 602 809 628; x_wconf 91' lang='lat' dir='ltr'>eo</span> <span class='ocrx_word' id='word_1_61' title='bbox 849 591 959 628; x_wconf 88' lang='lat' dir='ltr'>enim</span> <span class='ocrx_word' id='word_1_62' title='bbox 1000 591 1269 642; x_wconf 90' lang='lat' dir='ltr'>potissimum</span> <span class='ocrx_word' id='word_1_63' title='bbox 1307 589 1439 629; x_wconf 89' lang='lat' dir='ltr'>solere</span> 
     </span>
     <span class='ocr_line' id='line_1_10' title="bbox 88 646 1438 700; baseline 0.002 -14"><span class='ocrx_word' id='word_1_64' title='bbox 88 646 338 687; x_wconf 84' lang='lat' dir='ltr'>offensiones</span> <span class='ocrx_word' id='word_1_65' title='bbox 382 647 628 687; x_wconf 87' lang='lat' dir='ltr'>domesticas</span> <span class='ocrx_word' id='word_1_66' title='bbox 670 646 770 688; x_wconf 91' lang='lat' dir='ltr'>fieri.</span> <span class='ocrx_word' id='word_1_67' title='bbox 844 647 1075 700; x_wconf 84' lang='lat' dir='ltr'>praefectos</span> <span class='ocrx_word' id='word_1_68' title='bbox 1118 648 1337 689; x_wconf 85' lang='lat' dir='ltr'>alacriores</span> <span class='ocrx_word' id='word_1_69' title='bbox 1382 648 1438 688; x_wconf 86' lang='lat' dir='ltr'>fa-</span> 
     </span>
     <span class='ocr_line' id='line_1_11' title="bbox 88 705 1440 762; baseline 0.002 -17"><span class='ocrx_word' id='word_1_70' title='bbox 88 706 280 746; x_wconf 87' lang='lat' dir='ltr'>ciendum</span> <span class='ocrx_word' id='word_1_71' title='bbox 328 709 523 760; x_wconf 83' lang='lat' dir='ltr'>praemiis</span> <span class='ocrx_word' id='word_1_72' title='bbox 575 705 643 759; x_wconf 90' lang='lat' dir='ltr'>[ad</span> <span class='ocrx_word' id='word_1_73' title='bbox 694 705 899 759; x_wconf 88' lang='lat' dir='ltr'>facienda]</span> <span class='ocrx_word' id='word_1_74' title='bbox 951 706 1167 760; x_wconf 89' lang='lat' dir='ltr'>dandaque</span> <span class='ocrx_word' id='word_1_75' title='bbox 1217 721 1344 762; x_wconf 89' lang='lat' dir='ltr'>opera</span> <span class='ocrx_word' id='word_1_76' title='bbox 1392 710 1440 748; x_wconf 91' lang='lat' dir='ltr'>ut</span> 
     </span>
     <span class='ocr_line' id='line_1_12' title="bbox 86 764 1438 821; baseline 0.001 -16"><span class='ocrx_word' id='word_1_77' title='bbox 86 764 268 805; x_wconf 84' lang='lat' dir='ltr'>habeant</span> <span class='ocrx_word' id='word_1_78' title='bbox 310 767 522 819; x_wconf 86' lang='lat' dir='ltr'>peculium</span> <span class='ocrx_word' id='word_1_79' title='bbox 567 768 607 806; x_wconf 90' lang='lat' dir='ltr'>et</span> <span class='ocrx_word' id='word_1_80' title='bbox 651 767 894 806; x_wconf 83' lang='lat' dir='ltr'>coniunctas</span> <span class='ocrx_word' id='word_1_81' title='bbox 940 780 1177 820; x_wconf 87' lang='lat' dir='ltr'>conservas,</span> <span class='ocrx_word' id='word_1_82' title='bbox 1222 781 1242 807; x_wconf 94' lang='lat' dir='ltr'>e</span> <span class='ocrx_word' id='word_1_83' title='bbox 1287 766 1438 821; x_wconf 92' lang='lat' dir='ltr'>quibus</span> 
     </span>
     <span class='ocr_line' id='line_1_13' title="bbox 86 824 1440 867; baseline 0.001 -2"><span class='ocrx_word' id='word_1_84' title='bbox 86 824 267 865; x_wconf 87' lang='lat' dir='ltr'>habeant</span> <span class='ocrx_word' id='word_1_85' title='bbox 308 825 430 866; x_wconf 86' lang='lat' dir='ltr'>filios.</span> <span class='ocrx_word' id='word_1_86' title='bbox 503 839 549 865; x_wconf 91' lang='lat' dir='ltr'>eo</span> <span class='ocrx_word' id='word_1_87' title='bbox 591 828 703 865; x_wconf 90' lang='lat' dir='ltr'>enim</span> <span class='ocrx_word' id='word_1_88' title='bbox 742 825 851 865; x_wconf 88' lang='lat' dir='ltr'>fiunt</span> <span class='ocrx_word' id='word_1_89' title='bbox 890 825 1094 866; x_wconf 90' lang='lat' dir='ltr'>firmiores</span> <span class='ocrx_word' id='word_1_90' title='bbox 1132 840 1179 866; x_wconf 88' lang='lat' dir='ltr'>ac</span> <span class='ocrx_word' id='word_1_91' title='bbox 1211 828 1440 867; x_wconf 80' lang='lat' dir='ltr'>coniuncti-</span> 
     </span>
     <span class='ocr_line' id='line_1_14' title="bbox 88 884 1441 939; baseline 0.001 -15"><span class='ocrx_word' id='word_1_92' title='bbox 88 898 178 924; x_wconf 83' lang='lat' dir='ltr'>ores</span> <span class='ocrx_word' id='word_1_93' title='bbox 213 884 355 925; x_wconf 90' lang='lat' dir='ltr'>fundo.</span> <span class='ocrx_word' id='word_1_94' title='bbox 417 886 558 938; x_wconf 85' lang='lat' dir='ltr'>itaque</span> <span class='ocrx_word' id='word_1_95' title='bbox 590 887 763 938; x_wconf 87' lang='lat' dir='ltr'>propter</span> <span class='ocrx_word' id='word_1_96' title='bbox 794 885 868 925; x_wconf 88' lang='lat' dir='ltr'>has</span> <span class='ocrx_word' id='word_1_97' title='bbox 903 887 1174 939; x_wconf 82' lang='lat' dir='ltr'>cognationes</span> <span class='ocrx_word' id='word_1_98' title='bbox 1201 884 1441 939; x_wconf 85' lang='lat' dir='ltr'>Epiroticae</span> 
     </span>
    </p>

    <p class='ocr_par' dir='ltr' id='par_1_4' title="bbox 47 944 1442 1236">
     <span class='ocr_line' id='line_1_15' title="bbox 47 944 1440 997; baseline 0.001 -12"><span class='ocrx_word' id='word_1_99' title='bbox 47 944 271 985; x_wconf 77' lang='lat' dir='ltr'>Gfamiliae</span> <span class='ocrx_word' id='word_1_100' title='bbox 305 947 404 985; x_wconf 90' lang='lat' dir='ltr'>sunt</span> <span class='ocrx_word' id='word_1_101' title='bbox 435 945 687 984; x_wconf 87' lang='lat' dir='ltr'>illustriores</span> <span class='ocrx_word' id='word_1_102' title='bbox 715 959 761 985; x_wconf 89' lang='lat' dir='ltr'>ac</span> <span class='ocrx_word' id='word_1_103' title='bbox 787 947 976 985; x_wconf 71' lang='lat' dir='ltr'>cariores</span> <span class='ocrx_word' id='word_1_104' title='bbox 1017 944 1345 997; x_wconf 84' lang='lat' dir='ltr'>in&lt;l&gt;iciendam</span> <span class='ocrx_word' id='word_1_105' title='bbox 1370 959 1440 986; x_wconf 89' lang='lat' dir='ltr'>vo-</span> 
     </span>
     <span class='ocr_line' id='line_1_16' title="bbox 87 1003 1441 1058; baseline 0.001 -15"><span class='ocrx_word' id='word_1_106' title='bbox 87 1004 293 1044; x_wconf 87' lang='lat' dir='ltr'>luntatem</span> <span class='ocrx_word' id='word_1_107' title='bbox 334 1004 640 1057; x_wconf 86' lang='lat' dir='ltr'>praefectorum</span> <span class='ocrx_word' id='word_1_108' title='bbox 680 1003 839 1045; x_wconf 90' lang='lat' dir='ltr'>honore</span> <span class='ocrx_word' id='word_1_109' title='bbox 881 1005 1022 1058; x_wconf 89' lang='lat' dir='ltr'>aliquo</span> <span class='ocrx_word' id='word_1_110' title='bbox 1060 1003 1270 1058; x_wconf 87' lang='lat' dir='ltr'>habendo,</span> <span class='ocrx_word' id='word_1_111' title='bbox 1315 1007 1356 1045; x_wconf 85' lang='lat' dir='ltr'>et</span> <span class='ocrx_word' id='word_1_112' title='bbox 1393 1004 1441 1045; x_wconf 91' lang='lat' dir='ltr'>de</span> 
     </span>
     <span class='ocr_line' id='line_1_17' title="bbox 89 1063 1441 1118; baseline 0.001 -15"><span class='ocrx_word' id='word_1_113' title='bbox 89 1065 289 1116; x_wconf 85' lang='lat' dir='ltr'>operariis</span> <span class='ocrx_word' id='word_1_114' title='bbox 330 1066 401 1117; x_wconf 90' lang='lat' dir='ltr'>qui</span> <span class='ocrx_word' id='word_1_115' title='bbox 440 1063 715 1116; x_wconf 84' lang='lat' dir='ltr'>praestabunt</span> <span class='ocrx_word' id='word_1_116' title='bbox 747 1064 870 1116; x_wconf 83' lang='lat' dir='ltr'>alios,</span> <span class='ocrx_word' id='word_1_117' title='bbox 915 1063 1309 1105; x_wconf 87' lang='lat' dir='ltr'>communicandum</span> <span class='ocrx_word' id='word_1_118' title='bbox 1341 1077 1441 1118; x_wconf 92' lang='lat' dir='ltr'>quo·</span> 
     </span>
     <span class='ocr_line' id='line_1_18' title="bbox 88 1122 1442 1177; baseline 0.001 -15"><span class='ocrx_word' id='word_1_119' title='bbox 88 1136 167 1175; x_wconf 88' lang='lat' dir='ltr'>que</span> <span class='ocrx_word' id='word_1_120' title='bbox 200 1137 295 1163; x_wconf 88' lang='lat' dir='ltr'>cum</span> <span class='ocrx_word' id='word_1_121' title='bbox 326 1122 409 1176; x_wconf 80' lang='lat' dir='ltr'>his,</span> <span class='ocrx_word' id='word_1_122' title='bbox 443 1137 550 1176; x_wconf 88' lang='lat' dir='ltr'>quae</span> <span class='ocrx_word' id='word_1_123' title='bbox 580 1122 769 1163; x_wconf 86' lang='lat' dir='ltr'>facienda</span> <span class='ocrx_word' id='word_1_124' title='bbox 802 1126 887 1164; x_wconf 90' lang='lat' dir='ltr'>sint</span> <span class='ocrx_word' id='word_1_125' title='bbox 919 1137 1061 1177; x_wconf 84' lang='lat' dir='ltr'>opera,</span> <span class='ocrx_word' id='word_1_126' title='bbox 1095 1123 1224 1177; x_wconf 89' lang='lat' dir='ltr'>quod,</span> <span class='ocrx_word' id='word_1_127' title='bbox 1255 1126 1317 1164; x_wconf 90' lang='lat' dir='ltr'>ita</span> <span class='ocrx_word' id='word_1_128' title='bbox 1347 1138 1442 1164; x_wconf 91' lang='lat' dir='ltr'>cum</span> 
     </span>
     <span class='ocr_line' id='line_1_19' title="bbox 88 1181 1442 1236; baseline 0.001 -14"><span class='ocrx_word' id='word_1_129' title='bbox 88 1181 147 1235; x_wconf 81' lang='lat' dir='ltr'>fit,</span> <span class='ocrx_word' id='word_1_130' title='bbox 180 1185 319 1222; x_wconf 88' lang='lat' dir='ltr'>minus</span> <span class='ocrx_word' id='word_1_131' title='bbox 348 1197 390 1223; x_wconf 90' lang='lat' dir='ltr'>se</span> <span class='ocrx_word' id='word_1_132' title='bbox 415 1185 569 1236; x_wconf 88' lang='lat' dir='ltr'>putant</span> <span class='ocrx_word' id='word_1_133' title='bbox 596 1182 753 1236; x_wconf 88' lang='lat' dir='ltr'>despici</span> <span class='ocrx_word' id='word_1_134' title='bbox 779 1185 904 1236; x_wconf 89' lang='lat' dir='ltr'>atque</span> <span class='ocrx_word' id='word_1_135' title='bbox 931 1184 1071 1236; x_wconf 90' lang='lat' dir='ltr'>aliquo</span> <span class='ocrx_word' id='word_1_136' title='bbox 1097 1197 1272 1224; x_wconf 90' lang='lat' dir='ltr'>numero</span> <span class='ocrx_word' id='word_1_137' title='bbox 1298 1182 1442 1224; x_wconf 89' lang='lat' dir='ltr'>haberi</span> 
     </span>
    </p>

    <p class='ocr_par' dir='ltr' id='par_1_5' title="bbox 49 1241 1442 1640">
     <span class='ocr_line' id='line_1_20' title="bbox 49 1241 1442 1296; baseline 0.001 -15"><span class='ocrx_word' id='word_1_138' title='bbox 49 1242 112 1282; x_wconf 70' lang='lat' dir='ltr'>Ta</span> <span class='ocrx_word' id='word_1_139' title='bbox 152 1241 334 1282; x_wconf 87' lang='lat' dir='ltr'>domino.</span> <span class='ocrx_word' id='word_1_140' title='bbox 408 1242 679 1283; x_wconf 83' lang='lat' dir='ltr'>studiosiores</span> <span class='ocrx_word' id='word_1_141' title='bbox 722 1242 773 1282; x_wconf 90' lang='lat' dir='ltr'>ad</span> <span class='ocrx_word' id='word_1_142' title='bbox 815 1256 919 1296; x_wconf 91' lang='lat' dir='ltr'>opus</span> <span class='ocrx_word' id='word_1_143' title='bbox 958 1242 1049 1282; x_wconf 89' lang='lat' dir='ltr'>fieri</span> <span class='ocrx_word' id='word_1_144' title='bbox 1086 1242 1302 1283; x_wconf 86' lang='lat' dir='ltr'>liberalius</span> <span class='ocrx_word' id='word_1_145' title='bbox 1338 1245 1442 1283; x_wconf 89' lang='lat' dir='ltr'>trac-</span> 
     </span>
     <span class='ocr_line' id='line_1_21' title="bbox 88 1301 1442 1355; baseline 0.001 -14"><span class='ocrx_word' id='word_1_146' title='bbox 88 1301 216 1341; x_wconf 89' lang='lat' dir='ltr'>tando</span> <span class='ocrx_word' id='word_1_147' title='bbox 257 1303 329 1341; x_wconf 89' lang='lat' dir='ltr'>aut</span> <span class='ocrx_word' id='word_1_148' title='bbox 367 1301 532 1342; x_wconf 87' lang='lat' dir='ltr'>cibariis</span> <span class='ocrx_word' id='word_1_149' title='bbox 573 1304 645 1342; x_wconf 88' lang='lat' dir='ltr'>aut</span> <span class='ocrx_word' id='word_1_150' title='bbox 682 1304 837 1342; x_wconf 86' lang='lat' dir='ltr'>vestitu</span> <span class='ocrx_word' id='word_1_151' title='bbox 874 1302 1056 1355; x_wconf 87' lang='lat' dir='ltr'>largiore</span> <span class='ocrx_word' id='word_1_152' title='bbox 1094 1304 1167 1342; x_wconf 90' lang='lat' dir='ltr'>aut</span> <span class='ocrx_word' id='word_1_153' title='bbox 1197 1304 1442 1343; x_wconf 89' lang='lat' dir='ltr'>remissione</span> 
     </span>
     <span class='ocr_line' id='line_1_22' title="bbox 89 1361 1441 1415; baseline 0.001 -15"><span class='ocrx_word' id='word_1_154' title='bbox 89 1363 225 1414; x_wconf 89' lang='lat' dir='ltr'>operis</span> <span class='ocrx_word' id='word_1_155' title='bbox 272 1364 607 1414; x_wconf 80' lang='lat' dir='ltr'>concessioneve,</span> <span class='ocrx_word' id='word_1_156' title='bbox 658 1363 705 1401; x_wconf 89' lang='lat' dir='ltr'>ut</span> <span class='ocrx_word' id='word_1_157' title='bbox 753 1362 962 1415; x_wconf 82' lang='lat' dir='ltr'>peculiare</span> <span class='ocrx_word' id='word_1_158' title='bbox 1013 1361 1174 1415; x_wconf 89' lang='lat' dir='ltr'>aliquid</span> <span class='ocrx_word' id='word_1_159' title='bbox 1221 1364 1267 1402; x_wconf 92' lang='lat' dir='ltr'>in</span> <span class='ocrx_word' id='word_1_160' title='bbox 1310 1361 1441 1402; x_wconf 88' lang='lat' dir='ltr'>fundo</span> 
     </span>
     <span class='ocr_line' id='line_1_23' title="bbox 88 1420 1441 1475; baseline 0.001 -15"><span class='ocrx_word' id='word_1_161' title='bbox 88 1435 255 1473; x_wconf 86' lang='lat' dir='ltr'>pascere</span> <span class='ocrx_word' id='word_1_162' title='bbox 299 1421 438 1475; x_wconf 85' lang='lat' dir='ltr'>liceat,</span> <span class='ocrx_word' id='word_1_163' title='bbox 483 1421 656 1461; x_wconf 89' lang='lat' dir='ltr'>huiusce</span> <span class='ocrx_word' id='word_1_164' title='bbox 699 1421 814 1461; x_wconf 88' lang='lat' dir='ltr'>modi</span> <span class='ocrx_word' id='word_1_165' title='bbox 857 1435 997 1461; x_wconf 89' lang='lat' dir='ltr'>rerum</span> <span class='ocrx_word' id='word_1_166' title='bbox 1041 1421 1152 1473; x_wconf 80' lang='lat' dir='ltr'>aljis,</span> <span class='ocrx_word' id='word_1_167' title='bbox 1196 1423 1244 1461; x_wconf 92' lang='lat' dir='ltr'>ut</span> <span class='ocrx_word' id='word_1_168' title='bbox 1289 1420 1441 1474; x_wconf 86' lang='lat' dir='ltr'>quibus</span> 
     </span>
     <span class='ocr_line' id='line_1_24' title="bbox 89 1479 1442 1534; baseline 0.001 -15"><span class='ocrx_word' id='word_1_169' title='bbox 89 1479 189 1533; x_wconf 88' lang='lat' dir='ltr'>quid</span> <span class='ocrx_word' id='word_1_170' title='bbox 238 1483 408 1533; x_wconf 84' lang='lat' dir='ltr'>gravius</span> <span class='ocrx_word' id='word_1_171' title='bbox 454 1483 509 1521; x_wconf 89' lang='lat' dir='ltr'>sit</span> <span class='ocrx_word' id='word_1_172' title='bbox 554 1482 807 1534; x_wconf 90' lang='lat' dir='ltr'>imperatum</span> <span class='ocrx_word' id='word_1_173' title='bbox 851 1483 923 1520; x_wconf 91' lang='lat' dir='ltr'>aut</span> <span class='ocrx_word' id='word_1_174' title='bbox 973 1480 1308 1521; x_wconf 82' lang='lat' dir='ltr'>animadversum</span> <span class='ocrx_word' id='word_1_175' title='bbox 1357 1482 1442 1534; x_wconf 87' lang='lat' dir='ltr'>qui,</span> 
     </span>
     <span class='ocr_line' id='line_1_25' title="bbox 89 1539 1442 1581; baseline 0.001 -2"><span class='ocrx_word' id='word_1_176' title='bbox 89 1539 345 1580; x_wconf 89' lang='lat' dir='ltr'>consolando</span> <span class='ocrx_word' id='word_1_177' title='bbox 387 1554 531 1581; x_wconf 89' lang='lat' dir='ltr'>eorum</span> <span class='ocrx_word' id='word_1_178' title='bbox 571 1542 766 1580; x_wconf 90' lang='lat' dir='ltr'>restituat</span> <span class='ocrx_word' id='word_1_179' title='bbox 805 1541 1067 1581; x_wconf 88' lang='lat' dir='ltr'>voluntatem</span> <span class='ocrx_word' id='word_1_180' title='bbox 1108 1554 1154 1581; x_wconf 88' lang='lat' dir='ltr'>ac</span> <span class='ocrx_word' id='word_1_181' title='bbox 1196 1539 1442 1581; x_wconf 87' lang='lat' dir='ltr'>benevolen-</span> 
     </span>
     <span class='ocr_line' id='line_1_26' title="bbox 89 1599 528 1640; baseline 0.005 -2"><span class='ocrx_word' id='word_1_182' title='bbox 89 1601 192 1638; x_wconf 86' lang='lat' dir='ltr'>tiam</span> <span class='ocrx_word' id='word_1_183' title='bbox 223 1602 269 1639; x_wconf 90' lang='lat' dir='ltr'>in</span> <span class='ocrx_word' id='word_1_184' title='bbox 301 1599 528 1640; x_wconf 71' lang='lat' dir='ltr'>dominum.</span> 
     </span>
    </p>

    <p class='ocr_par' dir='ltr' id='par_1_6' title="bbox 27 1657 1443 2129">
     <span class='ocr_line' id='line_1_27' title="bbox 27 1657 1443 1713; baseline -0.001 -13"><span class='ocrx_word' id='word_1_185' title='bbox 27 1667 142 1701; x_wconf 82' lang='lat' dir='ltr'>XVIII</span> <span class='ocrx_word' id='word_1_186' title='bbox 214 1657 277 1698; x_wconf 90' lang='lat' dir='ltr'>De</span> <span class='ocrx_word' id='word_1_187' title='bbox 297 1659 458 1699; x_wconf 88' lang='lat' dir='ltr'>familia</span> <span class='ocrx_word' id='word_1_188' title='bbox 473 1657 575 1700; x_wconf 79' lang='lat' dir='ltr'>Cato</span> <span class='ocrx_word' id='word_1_189' title='bbox 592 1657 673 1713; x_wconf 83' lang='lat'>(10.</span> <span class='ocrx_word' id='word_1_190' title='bbox 688 1657 757 1713; x_wconf 84' lang='lat'>11)</span> <span class='ocrx_word' id='word_1_191' title='bbox 773 1658 925 1712; x_wconf 79' lang='lat' dir='ltr'>derigit</span> <span class='ocrx_word' id='word_1_192' title='bbox 939 1659 990 1699; x_wconf 91' lang='lat' dir='ltr'>ad</span> <span class='ocrx_word' id='word_1_193' title='bbox 1004 1659 1106 1699; x_wconf 90' lang='lat' dir='ltr'>duas</span> <span class='ocrx_word' id='word_1_194' title='bbox 1125 1660 1269 1711; x_wconf 87' lang='lat' dir='ltr'>metas,</span> <span class='ocrx_word' id='word_1_195' title='bbox 1289 1657 1341 1698; x_wconf 91' lang='lat' dir='ltr'>ad</span> <span class='ocrx_word' id='word_1_196' title='bbox 1361 1671 1443 1698; x_wconf 90' lang='lat' dir='ltr'>cer-</span> 
     </span>
     <span class='ocr_line' id='line_1_28' title="bbox 90 1717 1443 1773; baseline 0 -16"><span class='ocrx_word' id='word_1_197' title='bbox 90 1720 180 1757; x_wconf 89' lang='lat' dir='ltr'>tum</span> <span class='ocrx_word' id='word_1_198' title='bbox 200 1718 371 1758; x_wconf 87' lang='lat' dir='ltr'>modum</span> <span class='ocrx_word' id='word_1_199' title='bbox 394 1721 485 1773; x_wconf 84' lang='lat' dir='ltr'>agri</span> <span class='ocrx_word' id='word_1_200' title='bbox 506 1721 546 1759; x_wconf 91' lang='lat' dir='ltr'>et</span> <span class='ocrx_word' id='word_1_201' title='bbox 565 1733 698 1773; x_wconf 85' lang='lat' dir='ltr'>genus</span> <span class='ocrx_word' id='word_1_202' title='bbox 721 1721 908 1771; x_wconf 83' lang='lat' dir='ltr'>sationis,</span> <span class='ocrx_word' id='word_1_203' title='bbox 935 1718 1119 1759; x_wconf 90' lang='lat' dir='ltr'>scribens</span> <span class='ocrx_word' id='word_1_204' title='bbox 1147 1717 1195 1758; x_wconf 94' lang='lat' dir='ltr'>de</span> <span class='ocrx_word' id='word_1_205' title='bbox 1215 1718 1380 1758; x_wconf 87' lang='lat' dir='ltr'>olivetis</span> <span class='ocrx_word' id='word_1_206' title='bbox 1403 1719 1443 1758; x_wconf 88' lang='lat' dir='ltr'>et</span> 
     </span>
     <span class='ocr_line' id='line_1_29' title="bbox 89 1777 1441 1831; baseline 0 -14"><span class='ocrx_word' id='word_1_207' title='bbox 89 1780 221 1817; x_wconf 88' lang='lat' dir='ltr'>vineis</span> <span class='ocrx_word' id='word_1_208' title='bbox 254 1780 302 1818; x_wconf 89' lang='lat' dir='ltr'>ut</span> <span class='ocrx_word' id='word_1_209' title='bbox 334 1777 435 1818; x_wconf 89' lang='lat' dir='ltr'>duas</span> <span class='ocrx_word' id='word_1_210' title='bbox 468 1779 688 1819; x_wconf 86' lang='lat' dir='ltr'>formulas:</span> <span class='ocrx_word' id='word_1_211' title='bbox 721 1792 865 1831; x_wconf 89' lang='lat' dir='ltr'>unam,</span> <span class='ocrx_word' id='word_1_212' title='bbox 906 1781 952 1818; x_wconf 90' lang='lat' dir='ltr'>in</span> <span class='ocrx_word' id='word_1_213' title='bbox 984 1792 1066 1831; x_wconf 91' lang='lat' dir='ltr'>qua</span> <span class='ocrx_word' id='word_1_214' title='bbox 1095 1778 1316 1831; x_wconf 87' lang='lat' dir='ltr'>praecipit,</span> <span class='ocrx_word' id='word_1_215' title='bbox 1358 1790 1441 1830; x_wconf 91' lang='lat' dir='ltr'>quo</span> 
     </span>
     <span class='ocr_line' id='line_1_30' title="bbox 90 1836 1442 1892; baseline 0 -16"><span class='ocrx_word' id='word_1_216' title='bbox 90 1836 214 1877; x_wconf 85' lang='lat' dir='ltr'>modo</span> <span class='ocrx_word' id='word_1_217' title='bbox 260 1838 462 1878; x_wconf 89' lang='lat' dir='ltr'>olivetum</span> <span class='ocrx_word' id='word_1_218' title='bbox 507 1840 599 1892; x_wconf 82' lang='lat' dir='ltr'>agri</span> <span class='ocrx_word' id='word_1_219' title='bbox 641 1840 788 1891; x_wconf 86' lang='lat' dir='ltr'>iugera</span> <span class='ocrx_word' id='word_1_220' title='bbox 829 1848 945 1878; x_wconf 81' lang='lat' dir='ltr'>CCXL</span> <span class='ocrx_word' id='word_1_221' title='bbox 988 1839 1195 1877; x_wconf 88' lang='lat' dir='ltr'>instruere</span> <span class='ocrx_word' id='word_1_222' title='bbox 1239 1838 1442 1890; x_wconf 88' lang='lat' dir='ltr'>oporteat.</span> 
     </span>
     <span class='ocr_line' id='line_1_31' title="bbox 92 1895 1442 1950; baseline 0 -14"><span class='ocrx_word' id='word_1_223' title='bbox 92 1895 192 1936; x_wconf 87' lang='lat' dir='ltr'>dicit</span> <span class='ocrx_word' id='word_1_224' title='bbox 236 1899 347 1937; x_wconf 88' lang='lat' dir='ltr'>enim</span> <span class='ocrx_word' id='word_1_225' title='bbox 390 1899 436 1937; x_wconf 92' lang='lat' dir='ltr'>in</span> <span class='ocrx_word' id='word_1_226' title='bbox 479 1911 526 1938; x_wconf 93' lang='lat' dir='ltr'>eo</span> <span class='ocrx_word' id='word_1_227' title='bbox 571 1896 695 1938; x_wconf 88' lang='lat' dir='ltr'>modo</span> <span class='ocrx_word' id='word_1_228' title='bbox 734 1897 835 1937; x_wconf 90' lang='lat' dir='ltr'>haec</span> <span class='ocrx_word' id='word_1_229' title='bbox 871 1899 1082 1950; x_wconf 87' lang='lat' dir='ltr'>mancipia</span> <span class='ocrx_word' id='word_1_230' title='bbox 1119 1908 1200 1937; x_wconf 85' lang='lat' dir='ltr'>XIII</span> <span class='ocrx_word' id='word_1_231' title='bbox 1239 1895 1442 1949; x_wconf 87' lang='lat' dir='ltr'>habenda,</span> 
     </span>
     <span class='ocr_line' id='line_1_32' title="bbox 90 1955 1442 2010; baseline 0 -15"><span class='ocrx_word' id='word_1_232' title='bbox 90 1956 273 2008; x_wconf 85' lang='lat' dir='ltr'>vilicum,</span> <span class='ocrx_word' id='word_1_233' title='bbox 306 1956 485 2009; x_wconf 80' lang='lat' dir='ltr'>vilicam,</span> <span class='ocrx_word' id='word_1_234' title='bbox 519 1959 731 2010; x_wconf 90' lang='lat' dir='ltr'>operarios</span> <span class='ocrx_word' id='word_1_235' title='bbox 760 1968 799 2008; x_wconf 77' lang='lat' dir='ltr'>V,</span> <span class='ocrx_word' id='word_1_236' title='bbox 830 1955 1036 1997; x_wconf 89' lang='lat' dir='ltr'>bubulcos</span> <span class='ocrx_word' id='word_1_237' title='bbox 1069 1967 1129 2009; x_wconf 89' lang='lat'><em>111,</em></span> <span class='ocrx_word' id='word_1_238' title='bbox 1161 1957 1390 1996; x_wconf 87' lang='lat' dir='ltr'>asinarium</span> <span class='ocrx_word' id='word_1_239' title='bbox 1415 1966 1442 2007; x_wconf 89' lang='grc' dir='ltr'>Ι,</span> 
     </span>
     <span class='ocr_line' id='line_1_33' title="bbox 92 2013 1442 2070; baseline 0 -16"><span class='ocrx_word' id='word_1_240' title='bbox 92 2014 313 2055; x_wconf 85' lang='lat' dir='ltr'>subulcum</span> <span class='ocrx_word' id='word_1_241' title='bbox 345 2027 371 2068; x_wconf 85' lang='lat'>1,</span> <span class='ocrx_word' id='word_1_242' title='bbox 404 2017 634 2070; x_wconf 88' lang='lat' dir='ltr'>opilionem</span> <span class='ocrx_word' id='word_1_243' title='bbox 666 2028 692 2057; x_wconf 90' lang='grc' dir='ltr'>Ι.</span> <span class='ocrx_word' id='word_1_244' title='bbox 755 2017 928 2056; x_wconf 88' lang='lat' dir='ltr'>alteram</span> <span class='ocrx_word' id='word_1_245' title='bbox 960 2016 1184 2056; x_wconf 88' lang='lat' dir='ltr'>formulam</span> <span class='ocrx_word' id='word_1_246' title='bbox 1217 2013 1363 2055; x_wconf 90' lang='lat' dir='ltr'>scribit</span> <span class='ocrx_word' id='word_1_247' title='bbox 1393 2013 1442 2054; x_wconf 89' lang='lat' dir='ltr'>de</span> 
     </span>
     <span class='ocr_line' id='line_1_34' title="bbox 90 2072 1442 2129; baseline 0 -16"><span class='ocrx_word' id='word_1_248' title='bbox 90 2076 307 2114; x_wconf 84' lang='lat' dir='ltr'>vinearum</span> <span class='ocrx_word' id='word_1_249' title='bbox 346 2076 563 2129; x_wconf 85' lang='lat' dir='ltr'>iugeribus</span> <span class='ocrx_word' id='word_1_250' title='bbox 607 2086 649 2128; x_wconf 86' lang='lat' dir='ltr'>C,</span> <span class='ocrx_word' id='word_1_251' title='bbox 691 2077 738 2116; x_wconf 94' lang='lat' dir='ltr'>ut</span> <span class='ocrx_word' id='word_1_252' title='bbox 779 2075 888 2115; x_wconf 85' lang='lat' dir='ltr'>dicat</span> <span class='ocrx_word' id='word_1_253' title='bbox 927 2075 1072 2116; x_wconf 91' lang='lat' dir='ltr'>haberi</span> <span class='ocrx_word' id='word_1_254' title='bbox 1113 2076 1305 2129; x_wconf 89' lang='lat' dir='ltr'>oportere</span> <span class='ocrx_word' id='word_1_255' title='bbox 1341 2072 1442 2114; x_wconf 88' lang='lat' dir='ltr'>haec</span> 
     </span>
    </p>
   </div>
   <div class='ocr_carea' id='block_1_3' title="bbox 247 2147 374 2150">
    <p class='ocr_par' dir='ltr' id='par_1_7' title="bbox 247 2147 374 2150">
     <span class='ocr_line' id='line_1_35' title="bbox 247 2147 374 2150; baseline 0 0"><span class='ocrx_word' id='word_1_256' title='bbox 247 2147 374 2150; x_wconf 95' lang='lat' dir='ltr'> </span> 
     </span>
    </p>
   </div>
   <div class='ocr_carea' id='block_1_4' title="bbox 93 2178 1442 2319">
    <p class='ocr_par' dir='ltr' id='par_1_8' title="bbox 93 2178 1442 2319">
     <span class='ocr_line' id='line_1_36' title="bbox 210 2178 1442 2223; baseline 0.002 -12"><span class='ocrx_word' id='word_1_257' title='bbox 210 2186 225 2211; x_wconf 95' lang='lat'>1</span> <span class='ocrx_word' id='word_1_258' title='bbox 253 2181 417 2222; x_wconf 81' lang='lat' dir='ltr'>oportere</span> <span class='ocrx_word' id='word_1_259' title='bbox 444 2180 540 2214; x_wconf 74' lang='lat' dir='ltr'>Keil.</span> <span class='ocrx_word' id='word_1_260' title='bbox 591 2181 733 2223; x_wconf 85' lang='lat' dir='ltr'>oportet</span> <span class='ocrx_word' id='word_1_261' title='bbox 758 2181 769 2223; x_wconf 83' lang='grc' dir='ltr'>ΙΙ</span> <span class='ocrx_word' id='word_1_262' title='bbox 794 2186 812 2212; x_wconf 77' lang='lat'>4</span> <span class='ocrx_word' id='word_1_263' title='bbox 839 2190 921 2212; x_wconf 89' lang='lat' dir='ltr'>cum</span> <span class='ocrx_word' id='word_1_264' title='bbox 948 2189 1074 2213; x_wconf 82' lang='lat' dir='ltr'>causas</span> <span class='ocrx_word' id='word_1_265' title='bbox 1100 2178 1155 2212; x_wconf 89' lang='lat' dir='ltr'>ibi</span> <span class='ocrx_word' id='word_1_266' title='bbox 1182 2180 1194 2223; x_wconf 87' lang='grc' dir='ltr'>ΙΙ</span> <span class='ocrx_word' id='word_1_267' title='bbox 1221 2185 1258 2212; x_wconf 88' lang='lat'>10</span> <span class='ocrx_word' id='word_1_268' title='bbox 1283 2179 1349 2214; x_wconf 84' lang='lat' dir='ltr'>del.</span> <span class='ocrx_word' id='word_1_269' title='bbox 1376 2180 1442 2214; x_wconf 78' lang='lat' dir='ltr'>Iu·</span> 
     </span>
     <span class='ocr_line' id='line_1_37' title="bbox 93 2226 1442 2271; baseline 0.001 -11"><span class='ocrx_word' id='word_1_270' title='bbox 93 2226 236 2260; x_wconf 67' lang='lat' dir='ltr'>camdus</span> <span class='ocrx_word' id='word_1_271' title='bbox 272 2228 283 2270; x_wconf 83' lang='grc' dir='ltr'>Η</span> <span class='ocrx_word' id='word_1_272' title='bbox 314 2234 349 2259; x_wconf 79' lang='lat'>14</span> <span class='ocrx_word' id='word_1_273' title='bbox 382 2228 467 2261; x_wconf 74' lang='lat' dir='ltr'>add.</span> <span class='ocrx_word' id='word_1_274' title='bbox 508 2227 654 2262; x_wconf 74' lang='lat' dir='ltr'>Gronov</span> <span class='ocrx_word' id='word_1_275' title='bbox 693 2226 952 2271; x_wconf 58' lang='lat' dir='ltr'>&lt;inficiendum</span> <span class='ocrx_word' id='word_1_276' title='bbox 990 2238 1034 2261; x_wconf 81' lang='lat' dir='ltr'>ex</span> <span class='ocrx_word' id='word_1_277' title='bbox 1067 2227 1185 2261; x_wconf 81' lang='lat' dir='ltr'>codice</span> <span class='ocrx_word' id='word_1_278' title='bbox 1222 2238 1341 2262; x_wconf 81' lang='lat' dir='ltr'>errore</span> <span class='ocrx_word' id='word_1_279' title='bbox 1377 2227 1442 2262; x_wconf 78' lang='lat' dir='ltr'>ad—</span> 
     </span>
     <span class='ocr_line' id='line_1_38' title="bbox 93 2274 1440 2319; baseline 0.001 -12"><span class='ocrx_word' id='word_1_280' title='bbox 93 2278 281 2309; x_wconf 70' lang='lat' dir='ltr'>notaverat</span> <span class='ocrx_word' id='word_1_281' title='bbox 310 2275 501 2319; x_wconf 71' lang='lat' dir='ltr'>Victorc‘us)</span> <span class='ocrx_word' id='word_1_282' title='bbox 526 2277 530 2319; x_wconf 89' lang='grc' dir='ltr'>Ι</span> <span class='ocrx_word' id='word_1_283' title='bbox 553 2275 776 2308; x_wconf 85' lang='lat' dir='ltr'>voluntatem</span> <span class='ocrx_word' id='word_1_284' title='bbox 806 2275 998 2309; x_wconf 76' lang='lat' dir='ltr'>Victorius.</span> <span class='ocrx_word' id='word_1_285' title='bbox 1038 2274 1263 2318; x_wconf 77' lang='lat' dir='ltr'>voluptatem</span> <span class='ocrx_word' id='word_1_286' title='bbox 1281 2275 1294 2319; x_wconf 77' lang='grc' dir='ltr'>ΙΙ</span> <span class='ocrx_word' id='word_1_287' title='bbox 1312 2281 1348 2308; x_wconf 78' lang='lat'>21</span> <span class='ocrx_word' id='word_1_288' title='bbox 1375 2274 1440 2308; x_wconf 89' lang='lat' dir='ltr'>ali-</span> 
     </span>
    </p>
   </div>
   <div class='ocr_carea' id='block_1_5' title="bbox 94 2321 206 2365">
    <p class='ocr_par' dir='ltr' id='par_1_9' title="bbox 94 2321 206 2365">
     <span class='ocr_line' id='line_1_39' title="bbox 94 2321 206 2365; baseline 0.009 -1"><span class='ocrx_word' id='word_1_289' title='bbox 94 2321 175 2364; x_wconf 75' lang='lat' dir='ltr'>quit</span> <span class='ocrx_word' id='word_1_290' title='bbox 194 2323 206 2365; x_wconf 84' lang='grc' dir='ltr'>Η</span> 
     </span>
    </p>
   </div>
   <div class='ocr_carea' id='block_1_6' title="bbox 1460 724 1494 750">
    <p class='ocr_par' dir='ltr' id='par_1_10' title="bbox 1460 724 1494 750">
     <span class='ocr_line' id='line_1_40' title="bbox 1460 724 1494 750; baseline 0 0"><span class='ocrx_word' id='word_1_291' title='bbox 1460 724 1494 750; x_wconf 85' lang='grc'>10</span> 
     </span>
    </p>
   </div>
   <div class='ocr_carea' id='block_1_7' title="bbox 1461 1021 1495 1048">
    <p class='ocr_par' dir='ltr' id='par_1_11' title="bbox 1461 1021 1495 1048">
     <span class='ocr_line' id='line_1_41' title="bbox 1461 1021 1495 1048; baseline 0 0"><span class='ocrx_word' id='word_1_292' title='bbox 1461 1021 1495 1048; x_wconf 79' lang='grc'>15</span> 
     </span>
    </p>
   </div>
   <div class='ocr_carea' id='block_1_8' title="bbox 1461 1318 1496 1344">
    <p class='ocr_par' dir='ltr' id='par_1_12' title="bbox 1461 1318 1496 1344">
     <span class='ocr_line' id='line_1_42' title="bbox 1461 1318 1496 1344; baseline 0 0"><span class='ocrx_word' id='word_1_293' title='bbox 1461 1318 1496 1344; x_wconf 79' lang='lat'>20</span> 
     </span>
    </p>
   </div>
   <div class='ocr_carea' id='block_1_9' title="bbox 1461 1614 1495 1641">
    <p class='ocr_par' dir='ltr' id='par_1_13' title="bbox 1461 1614 1495 1641">
     <span class='ocr_line' id='line_1_43' title="bbox 1461 1614 1495 1641; baseline 0.029 -1"><span class='ocrx_word' id='word_1_294' title='bbox 1461 1614 1495 1641; x_wconf 80' lang='lat'>25</span> 
     </span>
    </p>
   </div>
   <div class='ocr_carea' id='block_1_10' title="bbox 1462 1913 1496 1938">
    <p class='ocr_par' dir='ltr' id='par_1_14' title="bbox 1462 1913 1496 1938">
     <span class='ocr_line' id='line_1_44' title="bbox 1462 1913 1496 1938; baseline 0 0"><span class='ocrx_word' id='word_1_295' title='bbox 1462 1913 1496 1938; x_wconf 85' lang='lat'>30</span> 
     </span>
    </p>
   </div>
  </div>
 </body>
</html>
