1560 2407
638 44 906 79 PRAEFATIO
978 87 982 90 ,
1396 46 1447 82 Χῖ

90 146 242 185 Ursino
268 145 433 194 Sauppe
461 141 676 194 ‘Ausgew
704 142 933 182 Schriften'
967 158 1006 195 p.
1030 146 1130 192 797,
1160 158 1236 195 pro
1265 158 1344 196 quo
1372 158 1449 184 cre-

86 208 201 244 scwnt
211 204 443 254 irrepserit:
461 205 504 241 at
518 203 566 240 of.
581 203 740 241 Keilius
754 204 797 241 in
816 216 958 241 comm.
970 225 1016 229 -—
1033 205 1099 251 32,
1111 205 1133 241 5
1149 206 1192 242 in
1205 205 1273 242 hoo
1286 207 1450 243 tutatur

91 264 334 303 Gummerus
357 260 446 300 ‘der
458 260 855 301 rumfiutsbetrieb'
871 264 1129 313 p.68.——33,
1142 265 1206 301 16.
1227 264 1449 302 obaerarios

90 336 173 361 non
199 322 349 372 expuli,
376 322 559 372 quamvis
586 322 791 359 obaeratus
817 322 872 359 sit
892 322 943 360 de
964 323 987 359 l.
1009 322 1032 359 l.
1053 335 1092 372 p.
1112 324 1211 371 122,
1236 325 1276 369 73
1304 323 1448 361 eadem

90 382 200 420 enim
241 381 372 419 forma
416 381 459 418 in
502 381 712 430 glossariis
759 383 823 418 est
861 376 916 433 (V
950 383 1051 429 630,
1088 377 1179 433 15);
1237 382 1287 420 cf.
1323 383 1449 420 etiam

91 442 272 479 aerarius
297 438 495 491 ὑπόχρεως
526 440 568 477 Π
590 441 656 487 12,
680 441 751 477 19:
788 452 867 490 quo
902 440 952 478 de
985 441 1083 478 alibi
1116 443 1274 490 agetur.
1301 462 1359 467 —
1384 441 1447 480 De

88 499 392 550 significatione
422 499 612 537 vocabuli
639 499 687 537 cf.
716 498 960 537 Gummerus
987 499 1011 537 1.
1033 512 1063 537 s.
1084 512 1113 537 s.
1141 513 1179 549 p.
1203 501 1254 537 62
1277 512 1364 551 sqq.
1393 523 1447 526 —

90 560 164 606 33,
185 560 252 597 29.
291 558 359 596 An
384 560 450 605 qui
475 559 608 596 litteris
635 559 769 605 aliqua
793 556 867 609 <ex
885 561 1001 606 parte
1027 562 1061 596 et
1085 556 1248 608 aliqua>
1273 560 1377 597 sint?
1400 581 1446 586 —-

90 620 158 667 34,
181 620 248 656 10.
293 618 360 655 An
378 619 569 665 praemiis
595 618 648 655 ad
671 618 831 665 officia?
852 639 907 643 —
930 618 997 665 35,
1020 620 1056 655 2.
1103 617 1222 667 Quod
1248 622 1345 668 post
1371 621 1448 657 asi-

87 679 249 715 narium
274 677 452 727 Hempel
479 673 540 729 (in
566 677 705 714 libello
734 676 1063 726 diligentissimo,
1091 689 1212 727 quem
1237 678 1448 728 inscripsit,

88 735 140 774 de
162 736 359 774 Varronis
381 748 519 774 rerum
538 736 677 774 rustic.
704 736 941 774 auctoribus
965 737 1227 787 quaestiones
1248 732 1445 790 selectae)

86 807 126 846 p.
156 796 209 833 15
243 797 487 833 salictarium
517 795 614 832 addi
646 795 735 833 vult
767 807 817 833 ex
851 794 1010 833 Catone
1041 796 1103 833 XI
1132 799 1152 834 1
1189 799 1333 834 contra
1363 796 1446 834 No-

87 855 201 892 nium
221 867 260 904 p.
277 855 373 902 501,
392 857 412 891 1
437 854 458 901 (
456 855 672 902 quindecim
684 854 912 902 mancipia),
933 858 980 892 ut
992 855 1092 892 XVI
1111 855 1313 905 mancipia
1333 855 1447 903 fiant,

87 913 190 952 mihi
226 914 359 951 minus
395 914 610 964 probabile
642 913 825 961 videtur,
866 927 957 952 oum
992 915 1117 952 etiam
1150 914 1252 952 alios
1286 927 1446 952 errores

89 973 371 1023 apertissimos
398 972 610 1010 admisisse
625 973 853 1010 Varronem
874 976 1032 1011 certum
1052 974 1123 1021 sit3
1152 973 1201 1011 cf.
1222 973 1274 1011 ad
1295 975 1362 1019 85,
1380 976 1446 1011 27.

88 1031 284 1070 Ceterum
298 1032 348 1070 de
367 1031 580 1070 indirectis
602 1033 670 1083 qui
691 1032 884 1070 dicuntur
904 1035 1123 1070 contextus
1143 1033 1329 1070 fontibus
1350 1046 1445 1071 mox

87 1091 286 1142 peculiari
311 1091 449 1129 libello
476 1095 641 1142 agetur3
668 1092 808 1142 itaque
835 1092 986 1130 talibus
1012 1092 1126 1130 nolui
1145 1093 1447 1142 praefationem

88 1163 272 1189 onerare.
289 1172 342 1176 -—-
366 1152 432 1198 38,
452 1152 488 1188 9.
519 1153 652 1198 potius
676 1149 940 1189 tolerandum
963 1163 1052 1189 esse
1072 1152 1227 1201 putavi,
1255 1164 1346 1189 cum
1372 1164 1448 1201 per

87 1221 132 1248 se
157 1223 240 1248 non
261 1210 527 1248 offendat.——
544 1211 610 1257 38,
633 1211 698 1248 19.
719 1211 855 1257 palma
873 1210 1044 1258 Keilius,
1072 1211 1197 1248 etiam
1222 1211 1264 1248 in
1289 1211 1445 1249 maiore

87 1268 283 1316 editione,
317 1282 473 1317 errore,
507 1273 553 1307 ut
581 1272 702 1320 puto;
736 1269 785 1307 cf.
817 1269 922 1307 Non.
954 1282 992 1319 p.
1020 1271 1123 1317 414,
1147 1271 1212 1307 26.
1239 1291 1297 1295 —
1325 1271 1397 1317 39,
1421 1271 1444 1307 5

88 1327 150 1366 Cf.
166 1327 256 1366 Cat.
271 1341 302 1366 c.
316 1329 378 1366 XI
395 1331 430 1366 1.
445 1350 491 1354 —
506 1331 573 1376 44,
586 1331 620 1366 7.
642 1341 728 1366 cum
739 1330 892 1373 iterum,
912 1330 1116 1377 offrinyere
1130 1329 1165 1366 d.
1180 1329 1256 1367 del.
1269 1329 1445 1367 Schoell.

87 1408 147 1413 -—
172 1388 240 1435 45,
263 1389 329 1425 28.
379 1391 510 1425 contra
545 1400 590 1426 ex
622 1391 753 1436 seyete,
784 1389 851 1425 aba·
881 1391 969 1426 sata
1001 1388 1176 1426 admixta
1200 1389 1386 1426 hordeum
1413 1392 1447 1426 et

87 1447 190 1485 vicia
215 1449 250 1485 et
270 1448 477 1494 leymm'na,
496 1447 637 1494 pabuli
662 1459 783 1485 causa
802 1448 927 1485 viride
946 1448 994 1486 ab
1016 1459 1055 1485 eo
1076 1449 1176 1496 quod
1194 1446 1322 1496 [fari]
1341 1450 1445 1495 ferro

86 1517 202 1544 caesa
226 1508 381 1554 ferrayo
407 1507 522 1551 dicta,
557 1509 626 1544 aut
650 1506 739 1544 inde
764 1508 939 1555 farrayo,
968 1508 1068 1553 Quod
1087 1508 1265 1554 primum
1292 1508 1331 1543 in
1362 1508 1445 1554 far-

86 1566 197 1603 racz'a
217 1568 336 1612 seyete
353 1567 441 1612 fieri
461 1569 591 1613 coepta
610 1565 787 1603 Keilius:
815 1578 918 1616 quae
939 1566 1008 1616 qui
1028 1566 1190 1616 legerit,
1216 1566 1445 1604 Varronem

87 1636 171 1662 non
194 1623 398 1662 diversam
416 1624 539 1663 modo
562 1625 868 1675 etymologiam,
895 1625 969 1663 sed
993 1625 1117 1663 etiam
1139 1625 1342 1663 diversam
1362 1626 1444 1663 for-

86 1695 195 1721 mam
213 1684 360 1722 testari
374 1684 550 1733 putabit,
572 1684 682 1734 quod
703 1687 814 1722 certe
834 1684 982 1722 falsum
1003 1687 1143 1722 est.—
1159 1686 1226 1732 46,
1246 1686 1310 1721 15.
1330 1685 1372 1721 id
1391 1687 1447 1722 est

86 1744 228 1780 iterare
239 1742 316 1780 del.
326 1742 642 1791 Schoell.—47,
653 1745 689 1781 4.
698 1747 894 1791 patescere
907 1756 990 1782 non
1004 1744 1135 1793 magis
1150 1744 1308 1781 removi
1322 1756 1443 1794 quam

86 1804 264 1840 macescz't
290 1804 356 1849 60,
380 1804 422 1840 3:
453 1803 495 1840 in
521 1803 673 1840 talibus
700 1803 813 1841 nolui
839 1803 1033 1852 scriptori
1059 1803 1276 1853 quicquam
1302 1803 1443 1840 obtru-

86 1860 186 1898 dere
205 1873 282 1899 nec
301 1861 511 1899 sufficiunt
532 1874 634 1913 quae
654 1862 813 1900 Keilius
833 1863 875 1899 in
897 1862 1191 1900 commentario
1212 1862 1365 1899 attulit.
1387 1883 1442 1888 —

87 1916 157 1967 48,
180 1921 246 1957 14.
296 1923 425 1959 octavo
451 1934 534 1958 non
560 1933 681 1959 ausus
708 1933 807 1970 sum⁷
823 1921 1063 1968 sollicitare,
1096 1921 1261 1959 videtur
1287 1921 1443 1959 dictum

87 1990 178 2017 esse
210 1983 257 2017 ut
289 1975 348 2017 ‘ex
380 1983 467 2017 ante
495 1981 595 2018 diem
626 1978 792 2018 tertizmz’
827 1983 870 2018 et
901 1981 1060 2018 similia.
1088 2001 1142 2006 ——
1179 1982 1251 2028 50,
1275 1982 1310 2017 7.
1359 1980 1442 2018 Pro

86 2050 186 2086 quae
219 2041 364 2077 waima
405 2040 507 2077 dedit
544 2040 701 2077 mavult
730 2041 968 2087 prinziqenia
1004 2040 1181 2089 Hempel
1212 2052 1251 2089 p.
1285 2041 1352 2076 47.
1386 2060 1443 2065 -—

89 2098 157 2145 50,
180 2099 246 2135 17.
294 2098 395 2136 illud
420 2100 520 2145 quod
539 2100 707 2146 pertinet
731 2099 784 2136 ad
809 2099 999 2146 ayricolas
1026 2102 1241 2149 exspectat
1265 2098 1444 2148 Hempel

86 2167 126 2205 p.
148 2157 215 2194 48.
236 2178 293 2182 —
315 2158 382 2204 50,
406 2159 471 2198 18.
502 2169 701 2205 propensa
721 2157 896 2196 Schoell.
927 2159 1121 2206 proclivia
1139 2157 1365 2196 Friedrich.
1385 2178 1443 2183 -—-

89 2215 157 2262 51,
179 2217 246 2253 27.
273 2215 334 2254 Cf.
348 2217 619 2266 Krumbiegel
638 2230 677 2267 p.
699 2217 766 2255 89.
797 2217 1083 2267 Neglegenter
1102 2217 1285 2267 loquitur
1298 2217 1443 2254 Varro.

93 2293 144 2300 —
174 2275 241 2323 52,
265 2277 299 2312 1.
343 2276 446 2314 Post
473 2276 642 2323 implicat
665 2289 749 2314 non
774 2279 888 2314 recte
914 2277 1118 2326 virgulam
1143 2276 1329 2326 posuisse
1351 2287 1443 2313 cen-
