<?xml version="1.0" encoding="UTF-8"?>
<!DOCTYPE html PUBLIC "-//W3C//DTD XHTML 1.0 Transitional//EN"
    "http://www.w3.org/TR/xhtml1/DTD/xhtml1-transitional.dtd">
<html xmlns="http://www.w3.org/1999/xhtml" xml:lang="en" lang="en">
 <head>
  <title>
</title>
<meta http-equiv="Content-Type" content="text/html;charset=utf-8" />
  <meta name='ocr-system' content='tesseract 3.04.00' />
  <meta name='ocr-capabilities' content='ocr_page ocr_carea ocr_par ocr_line ocrx_word'/>
</head>
<body>
  <div class='ocr_page' id='page_1' title='image "./rerumrusticaruml00varruoft_0051.png"; bbox 0 0 1560 2506; ppageno 0'>
   <div class='ocr_carea' id='block_1_1' title="bbox 348 68 1420 111">
    <p class='ocr_par' dir='ltr' id='par_1_1' title="bbox 348 68 1420 111">
     <span class='ocr_line' id='line_1_1' title="bbox 348 68 1420 111; baseline -0.001 -6"><span class='ocrx_word' id='word_1_1' title='bbox 348 71 515 105; x_wconf 85' lang='lat' dir='ltr'>RERVM</span> <span class='ocrx_word' id='word_1_2' title='bbox 538 69 842 105; x_wconf 77' lang='lat' dir='ltr'><strong>RVSTICARVM</strong></span> <span class='ocrx_word' id='word_1_3' title='bbox 866 70 951 104; x_wconf 80' lang='lat' dir='ltr'>LIB.</span> <span class='ocrx_word' id='word_1_4' title='bbox 971 71 986 104; x_wconf 96' lang='grc' dir='ltr'><strong>Ι</strong></span> <span class='ocrx_word' id='word_1_5' title='bbox 1008 74 1145 104; x_wconf 83' lang='grc'><strong>13-14</strong></span> <span class='ocrx_word' id='word_1_6' title='bbox 1365 68 1420 111; x_wconf 80' lang='grc'>29</span> 
     </span>
    </p>
   </div>
   <div class='ocr_carea' id='block_1_2' title="bbox 20 167 1521 2062">
    <p class='ocr_par' dir='ltr' id='par_1_2' title="bbox 20 167 1521 2062">
     <span class='ocr_line' id='line_1_2' title="bbox 80 167 1421 223; baseline -0.001 -14"><span class='ocrx_word' id='word_1_7' title='bbox 80 168 157 210; x_wconf 89' lang='lat' dir='ltr'>sub</span> <span class='ocrx_word' id='word_1_8' title='bbox 195 168 308 223; x_wconf 89' lang='lat' dir='ltr'>quod</span> <span class='ocrx_word' id='word_1_9' title='bbox 344 169 501 208; x_wconf 86' lang='lat' dir='ltr'>tectum</span> <span class='ocrx_word' id='word_1_10' title='bbox 531 170 665 208; x_wconf 86' lang='lat' dir='ltr'>totam</span> <span class='ocrx_word' id='word_1_11' title='bbox 696 167 816 208; x_wconf 87' lang='lat' dir='ltr'>fundi</span> <span class='ocrx_word' id='word_1_12' title='bbox 848 167 1033 208; x_wconf 89' lang='lat' dir='ltr'>subicere</span> <span class='ocrx_word' id='word_1_13' title='bbox 1065 169 1201 220; x_wconf 85' lang='lat' dir='ltr'>possis</span> <span class='ocrx_word' id='word_1_14' title='bbox 1233 181 1421 220; x_wconf 82' lang='lat' dir='ltr'><strong>messem,</strong></span> 
     </span>
     <span class='ocr_line' id='line_1_3' title="bbox 80 226 1421 282; baseline -0.002 -13"><span class='ocrx_word' id='word_1_15' title='bbox 80 227 193 282; x_wconf 90' lang='lat' dir='ltr'>quod</span> <span class='ocrx_word' id='word_1_16' title='bbox 228 229 379 268; x_wconf 87' lang='lat' dir='ltr'>vocant</span> <span class='ocrx_word' id='word_1_17' title='bbox 416 227 586 280; x_wconf 88' lang='lat' dir='ltr'>quidam</span> <span class='ocrx_word' id='word_1_18' title='bbox 621 227 890 267; x_wconf 80' lang='lat' dir='ltr'>nubilarium.</span> <span class='ocrx_word' id='word_1_19' title='bbox 951 226 995 267; x_wconf 91' lang='lat' dir='ltr'>id</span> <span class='ocrx_word' id='word_1_20' title='bbox 1027 226 1254 267; x_wconf 89' lang='lat' dir='ltr'>secundum</span> <span class='ocrx_word' id='word_1_21' title='bbox 1286 241 1421 266; x_wconf 90' lang='lat' dir='ltr'>aream</span> 
     </span>
     <span class='ocr_line' id='line_1_4' title="bbox 79 285 1422 340; baseline -0.002 -12"><span class='ocrx_word' id='word_1_22' title='bbox 79 287 330 340; x_wconf 83' lang='lat' dir='ltr'>faciendum,</span> <span class='ocrx_word' id='word_1_23' title='bbox 380 285 453 326; x_wconf 92' lang='lat' dir='ltr'>ubi</span> <span class='ocrx_word' id='word_1_24' title='bbox 493 288 669 326; x_wconf 89' lang='lat' dir='ltr'>triturus</span> <span class='ocrx_word' id='word_1_25' title='bbox 715 289 770 327; x_wconf 89' lang='lat' dir='ltr'>sis</span> <span class='ocrx_word' id='word_1_26' title='bbox 815 286 1089 338; x_wconf 87' lang='lat' dir='ltr'>frumentum,</span> <span class='ocrx_word' id='word_1_27' title='bbox 1132 285 1422 339; x_wconf 70' lang='lat' dir='ltr'>magnitudine</span> 
     </span>
     <span class='ocr_line' id='line_1_5' title="bbox 78 344 1421 400; baseline -0.002 -13"><span class='ocrx_word' id='word_1_28' title='bbox 78 361 155 400; x_wconf 92' lang='lat' dir='ltr'>pro</span> <span class='ocrx_word' id='word_1_29' title='bbox 186 345 310 386; x_wconf 89' lang='lat' dir='ltr'>modo</span> <span class='ocrx_word' id='word_1_30' title='bbox 343 345 479 398; x_wconf 91' lang='lat' dir='ltr'>fundi,</span> <span class='ocrx_word' id='word_1_31' title='bbox 513 360 561 386; x_wconf 88' lang='lat' dir='ltr'>ex</span> <span class='ocrx_word' id='word_1_32' title='bbox 592 360 677 386; x_wconf 90' lang='lat' dir='ltr'>una</span> <span class='ocrx_word' id='word_1_33' title='bbox 706 348 817 399; x_wconf 90' lang='lat' dir='ltr'>parti</span> <span class='ocrx_word' id='word_1_34' title='bbox 850 347 1057 399; x_wconf 88' lang='lat' dir='ltr'>apertum,</span> <span class='ocrx_word' id='word_1_35' title='bbox 1090 347 1130 385; x_wconf 87' lang='lat' dir='ltr'>et</span> <span class='ocrx_word' id='word_1_36' title='bbox 1159 344 1204 385; x_wconf 90' lang='lat' dir='ltr'>id</span> <span class='ocrx_word' id='word_1_37' title='bbox 1235 344 1285 385; x_wconf 88' lang='lat' dir='ltr'>ab</span> <span class='ocrx_word' id='word_1_38' title='bbox 1318 359 1421 397; x_wconf 85' lang='lat' dir='ltr'>area,</span> 
     </span>
     <span class='ocr_line' id='line_1_6' title="bbox 44 403 1422 459; baseline -0.002 -12"><span class='ocrx_word' id='word_1_39' title='bbox 44 423 58 449; x_wconf 84' lang='lat'>5</span> <span class='ocrx_word' id='word_1_40' title='bbox 79 420 162 459; x_wconf 88' lang='lat' dir='ltr'>quo</span> <span class='ocrx_word' id='word_1_41' title='bbox 195 407 235 445; x_wconf 89' lang='lat' dir='ltr'>et</span> <span class='ocrx_word' id='word_1_42' title='bbox 265 408 311 445; x_wconf 92' lang='lat' dir='ltr'>in</span> <span class='ocrx_word' id='word_1_43' title='bbox 341 404 592 458; x_wconf 85' lang='lat' dir='ltr'>tritura&lt;m&gt;</span> <span class='ocrx_word' id='word_1_44' title='bbox 619 419 817 458; x_wconf 80' lang='lat' dir='ltr'>promere</span> <span class='ocrx_word' id='word_1_45' title='bbox 849 405 969 445; x_wconf 91' lang='lat' dir='ltr'>facile</span> <span class='ocrx_word' id='word_1_46' title='bbox 994 407 1131 458; x_wconf 88' lang='lat' dir='ltr'>possis</span> <span class='ocrx_word' id='word_1_47' title='bbox 1159 406 1209 457; x_wconf 86' lang='lat' dir='ltr'>et,</span> <span class='ocrx_word' id='word_1_48' title='bbox 1243 406 1278 444; x_wconf 90' lang='lat' dir='ltr'>si</span> <span class='ocrx_word' id='word_1_49' title='bbox 1302 403 1422 444; x_wconf 88' lang='lat' dir='ltr'>nubi-</span> 
     </span>
     <span class='ocr_line' id='line_1_7' title="bbox 77 463 1421 518; baseline -0.001 -13"><span class='ocrx_word' id='word_1_50' title='bbox 77 465 163 505; x_wconf 83' lang='lat' dir='ltr'>lare</span> <span class='ocrx_word' id='word_1_51' title='bbox 201 467 354 518; x_wconf 86' lang='lat' dir='ltr'>coepit,</span> <span class='ocrx_word' id='word_1_52' title='bbox 394 464 491 504; x_wconf 89' lang='lat' dir='ltr'>inde</span> <span class='ocrx_word' id='word_1_53' title='bbox 522 466 570 504; x_wconf 92' lang='lat' dir='ltr'>ut</span> <span class='ocrx_word' id='word_1_54' title='bbox 601 478 745 504; x_wconf 87' lang='lat' dir='ltr'>rursus</span> <span class='ocrx_word' id='word_1_55' title='bbox 779 465 965 504; x_wconf 74' lang='lat' dir='ltr'>celeriter</span> <span class='ocrx_word' id='word_1_56' title='bbox 996 466 1158 504; x_wconf 82' lang='lat' dir='ltr'>reicere.</span> <span class='ocrx_word' id='word_1_57' title='bbox 1220 463 1421 504; x_wconf 73' lang='lat' dir='ltr'>fenestras</span> 
     </span>
     <span class='ocr_line' id='line_1_8' title="bbox 76 522 1422 577; baseline -0.001 -13"><span class='ocrx_word' id='word_1_58' title='bbox 76 523 226 564; x_wconf 90' lang='lat' dir='ltr'>habere</span> <span class='ocrx_word' id='word_1_59' title='bbox 271 525 437 577; x_wconf 89' lang='lat' dir='ltr'>oportet</span> <span class='ocrx_word' id='word_1_60' title='bbox 480 538 529 564; x_wconf 84' lang='lat' dir='ltr'>ex</span> <span class='ocrx_word' id='word_1_61' title='bbox 570 537 617 563; x_wconf 89' lang='lat' dir='ltr'>ea</span> <span class='ocrx_word' id='word_1_62' title='bbox 652 526 779 577; x_wconf 89' lang='lat' dir='ltr'>parti,</span> <span class='ocrx_word' id='word_1_63' title='bbox 821 523 930 564; x_wconf 90' lang='lat' dir='ltr'>unde</span> <span class='ocrx_word' id='word_1_64' title='bbox 969 522 1302 564; x_wconf 80' lang='lat' dir='ltr'>commodissime</span> <span class='ocrx_word' id='word_1_65' title='bbox 1333 537 1422 576; x_wconf 89' lang='lat' dir='ltr'>per-</span> 
     </span>
     <span class='ocr_line' id='line_1_9' title="bbox 76 581 1462 637; baseline 0 -14"><span class='ocrx_word' id='word_1_66' title='bbox 76 582 168 623; x_wconf 90' lang='lat' dir='ltr'>flari</span> <span class='ocrx_word' id='word_1_67' title='bbox 199 585 346 637; x_wconf 84' lang='lat' dir='ltr'>possit.</span> <span class='ocrx_word' id='word_1_68' title='bbox 407 581 669 635; x_wconf 81' lang='lat' dir='ltr'>Fundanius,</span> <span class='ocrx_word' id='word_1_69' title='bbox 702 581 991 635; x_wconf 85' lang='lat' dir='ltr'>Fructuosior,</span> <span class='ocrx_word' id='word_1_70' title='bbox 1023 584 1180 636; x_wconf 86' lang='lat' dir='ltr'>inquit,</span> <span class='ocrx_word' id='word_1_71' title='bbox 1221 584 1283 622; x_wconf 88' lang='lat' dir='ltr'>est</span> <span class='ocrx_word' id='word_1_72' title='bbox 1315 582 1462 623; x_wconf 77' lang='lat' dir='ltr'>certess</span> 
     </span>
     <span class='ocr_line' id='line_1_10' title="bbox 76 640 1423 696; baseline -0.001 -14"><span class='ocrx_word' id='word_1_73' title='bbox 76 642 230 683; x_wconf 84' lang='lat' dir='ltr'>fundus</span> <span class='ocrx_word' id='word_1_74' title='bbox 270 644 444 696; x_wconf 90' lang='lat' dir='ltr'>propter</span> <span class='ocrx_word' id='word_1_75' title='bbox 485 642 686 695; x_wconf 85' lang='lat' dir='ltr'>aedificia,</span> <span class='ocrx_word' id='word_1_76' title='bbox 732 645 767 683; x_wconf 89' lang='lat' dir='ltr'>si</span> <span class='ocrx_word' id='word_1_77' title='bbox 807 644 949 695; x_wconf 89' lang='lat' dir='ltr'>potius</span> <span class='ocrx_word' id='word_1_78' title='bbox 983 641 1034 681; x_wconf 89' lang='lat' dir='ltr'>ad</span> <span class='ocrx_word' id='word_1_79' title='bbox 1066 644 1300 682; x_wconf 85' lang='lat' dir='ltr'>anticorum</span> <span class='ocrx_word' id='word_1_80' title='bbox 1332 640 1423 681; x_wconf 85' lang='lat' dir='ltr'>dili-</span> 
     </span>
     <span class='ocr_line' id='line_1_11' title="bbox 24 700 1422 755; baseline -0.002 -12"><span class='ocrx_word' id='word_1_81' title='bbox 24 719 58 744; x_wconf 84' lang='lat'>10</span> <span class='ocrx_word' id='word_1_82' title='bbox 76 704 263 755; x_wconf 85' lang='lat' dir='ltr'>gentiam</span> <span class='ocrx_word' id='word_1_83' title='bbox 301 716 426 755; x_wconf 90' lang='lat' dir='ltr'>quam</span> <span class='ocrx_word' id='word_1_84' title='bbox 464 701 516 742; x_wconf 90' lang='lat' dir='ltr'>ad</span> <span class='ocrx_word' id='word_1_85' title='bbox 551 701 702 742; x_wconf 87' lang='lat' dir='ltr'>horum</span> <span class='ocrx_word' id='word_1_86' title='bbox 735 702 945 741; x_wconf 84' lang='lat' dir='ltr'>luxuriam</span> <span class='ocrx_word' id='word_1_87' title='bbox 977 701 1140 755; x_wconf 84' lang='lat' dir='ltr'>derigas</span> <span class='ocrx_word' id='word_1_88' title='bbox 1174 700 1422 741; x_wconf 87' lang='lat' dir='ltr'>aedificatio-</span> 
     </span>
     <span class='ocr_line' id='line_1_12' title="bbox 75 758 1421 813; baseline -0.001 -12"><span class='ocrx_word' id='word_1_89' title='bbox 75 775 182 802; x_wconf 91' lang='lat' dir='ltr'>nem.</span> <span class='ocrx_word' id='word_1_90' title='bbox 242 761 308 801; x_wconf 85' lang='grc'><strong>1111</strong></span> <span class='ocrx_word' id='word_1_91' title='bbox 346 763 457 802; x_wconf 90' lang='lat' dir='ltr'>enim</span> <span class='ocrx_word' id='word_1_92' title='bbox 494 761 703 801; x_wconf 89' lang='lat' dir='ltr'>faciebant</span> <span class='ocrx_word' id='word_1_93' title='bbox 740 760 792 801; x_wconf 89' lang='lat' dir='ltr'>ad</span> <span class='ocrx_word' id='word_1_94' title='bbox 829 761 1012 801; x_wconf 83' lang='lat' dir='ltr'>fructum</span> <span class='ocrx_word' id='word_1_95' title='bbox 1053 763 1275 813; x_wconf 86' lang='lat' dir='ltr'>rationem,</span> <span class='ocrx_word' id='word_1_96' title='bbox 1320 758 1421 813; x_wconf 89' lang='lat' dir='ltr'>hi[c]</span> 
     </span>
     <span class='ocr_line' id='line_1_13' title="bbox 76 819 1422 874; baseline -0.001 -13"><span class='ocrx_word' id='word_1_97' title='bbox 76 820 236 861; x_wconf 88' lang='lat' dir='ltr'>faciunt</span> <span class='ocrx_word' id='word_1_98' title='bbox 276 819 328 861; x_wconf 89' lang='lat' dir='ltr'>ad</span> <span class='ocrx_word' id='word_1_99' title='bbox 367 820 561 861; x_wconf 89' lang='lat' dir='ltr'>libidines</span> <span class='ocrx_word' id='word_1_100' title='bbox 602 820 841 861; x_wconf 85' lang='lat' dir='ltr'>indomitas.</span> <span class='ocrx_word' id='word_1_101' title='bbox 908 822 1050 874; x_wconf 88' lang='lat' dir='ltr'>itaque</span> <span class='ocrx_word' id='word_1_102' title='bbox 1089 820 1262 860; x_wconf 89' lang='lat' dir='ltr'>illorum</span> <span class='ocrx_word' id='word_1_103' title='bbox 1299 820 1422 859; x_wconf 85' lang='lat' dir='ltr'>villae</span> 
     </span>
     <span class='ocr_line' id='line_1_14' title="bbox 76 878 1423 933; baseline -0.001 -13"><span class='ocrx_word' id='word_1_104' title='bbox 76 881 256 920; x_wconf 87' lang='lat' dir='ltr'>rusticae</span> <span class='ocrx_word' id='word_1_105' title='bbox 282 882 399 920; x_wconf 91' lang='lat' dir='ltr'>erant</span> <span class='ocrx_word' id='word_1_106' title='bbox 424 882 593 921; x_wconf 89' lang='lat' dir='ltr'>maioris</span> <span class='ocrx_word' id='word_1_107' title='bbox 614 878 774 933; x_wconf 65' lang='lat' dir='ltr'>pretim</span> <span class='ocrx_word' id='word_1_108' title='bbox 805 894 931 933; x_wconf 90' lang='lat' dir='ltr'>quam</span> <span class='ocrx_word' id='word_1_109' title='bbox 959 878 1153 932; x_wconf 88' lang='lat' dir='ltr'>urbanae,</span> <span class='ocrx_word' id='word_1_110' title='bbox 1181 893 1286 932; x_wconf 88' lang='lat' dir='ltr'>quae</span> <span class='ocrx_word' id='word_1_111' title='bbox 1310 893 1423 919; x_wconf 90' lang='lat' dir='ltr'>nunc</span> 
     </span>
     <span class='ocr_line' id='line_1_15' title="bbox 78 937 1423 993; baseline -0.001 -14"><span class='ocrx_word' id='word_1_112' title='bbox 78 941 176 980; x_wconf 89' lang='lat' dir='ltr'>sunt</span> <span class='ocrx_word' id='word_1_113' title='bbox 212 940 410 993; x_wconf 89' lang='lat' dir='ltr'>pleraque</span> <span class='ocrx_word' id='word_1_114' title='bbox 449 941 604 980; x_wconf 87' lang='lat' dir='ltr'>contra.</span> <span class='ocrx_word' id='word_1_115' title='bbox 671 940 760 980; x_wconf 91' lang='lat' dir='ltr'>illic</span> <span class='ocrx_word' id='word_1_116' title='bbox 792 938 1041 979; x_wconf 83' lang='lat' dir='ltr'>laudabatur</span> <span class='ocrx_word' id='word_1_117' title='bbox 1072 939 1189 991; x_wconf 83' lang='lat' dir='ltr'>villa,</span> <span class='ocrx_word' id='word_1_118' title='bbox 1235 940 1270 979; x_wconf 90' lang='lat' dir='ltr'>si</span> <span class='ocrx_word' id='word_1_119' title='bbox 1301 937 1423 978; x_wconf 91' lang='lat' dir='ltr'>habe-</span> 
     </span>
     <span class='ocr_line' id='line_1_16' title="bbox 24 997 1424 1052; baseline -0.001 -13"><span class='ocrx_word' id='word_1_120' title='bbox 24 1015 56 1041; x_wconf 87' lang='lat'>15</span> <span class='ocrx_word' id='word_1_121' title='bbox 79 998 150 1039; x_wconf 89' lang='lat' dir='ltr'>bat</span> <span class='ocrx_word' id='word_1_122' title='bbox 181 999 363 1039; x_wconf 85' lang='lat' dir='ltr'>culinam</span> <span class='ocrx_word' id='word_1_123' title='bbox 394 1001 594 1039; x_wconf 88' lang='lat' dir='ltr'>rusticam</span> <span class='ocrx_word' id='word_1_124' title='bbox 624 998 790 1051; x_wconf 86' lang='lat' dir='ltr'>bonam,</span> <span class='ocrx_word' id='word_1_125' title='bbox 821 997 1084 1052; x_wconf 89' lang='lat' dir='ltr'>praesepi[i]s</span> <span class='ocrx_word' id='word_1_126' title='bbox 1117 999 1244 1050; x_wconf 83' lang='lat' dir='ltr'>laan‚</span> <span class='ocrx_word' id='word_1_127' title='bbox 1278 998 1424 1038; x_wconf 84' lang='lat' dir='ltr'>cellam</span> 
     </span>
     <span class='ocr_line' id='line_1_17' title="bbox 76 1057 1423 1112; baseline -0.001 -14"><span class='ocrx_word' id='word_1_128' title='bbox 76 1060 281 1098; x_wconf 87' lang='lat' dir='ltr'>vinariam</span> <span class='ocrx_word' id='word_1_129' title='bbox 321 1060 362 1098; x_wconf 86' lang='lat' dir='ltr'>et</span> <span class='ocrx_word' id='word_1_130' title='bbox 402 1058 600 1098; x_wconf 87' lang='lat' dir='ltr'>oleariam</span> <span class='ocrx_word' id='word_1_131' title='bbox 640 1058 692 1098; x_wconf 88' lang='lat' dir='ltr'>ad</span> <span class='ocrx_word' id='word_1_132' title='bbox 727 1057 899 1099; x_wconf 88' lang='lat' dir='ltr'>modum</span> <span class='ocrx_word' id='word_1_133' title='bbox 937 1060 1028 1112; x_wconf 85' lang='lat' dir='ltr'>agri</span> <span class='ocrx_word' id='word_1_134' title='bbox 1067 1060 1208 1111; x_wconf 86' lang='lat' dir='ltr'>aptam</span> <span class='ocrx_word' id='word_1_135' title='bbox 1241 1059 1281 1097; x_wconf 91' lang='lat' dir='ltr'>et</span> <span class='ocrx_word' id='word_1_136' title='bbox 1312 1059 1423 1110; x_wconf 89' lang='lat' dir='ltr'>pavi-</span> 
     </span>
     <span class='ocr_line' id='line_1_18' title="bbox 76 1116 1424 1171; baseline -0.001 -14"><span class='ocrx_word' id='word_1_137' title='bbox 76 1119 217 1158; x_wconf 90' lang='lat' dir='ltr'>mento</span> <span class='ocrx_word' id='word_1_138' title='bbox 258 1118 436 1171; x_wconf 86' lang='lat' dir='ltr'>proclivi</span> <span class='ocrx_word' id='word_1_139' title='bbox 475 1120 521 1158; x_wconf 90' lang='lat' dir='ltr'>in</span> <span class='ocrx_word' id='word_1_140' title='bbox 558 1118 711 1170; x_wconf 89' lang='lat' dir='ltr'>lacum,</span> <span class='ocrx_word' id='word_1_141' title='bbox 757 1117 869 1171; x_wconf 90' lang='lat' dir='ltr'>quod</span> <span class='ocrx_word' id='word_1_142' title='bbox 911 1131 1050 1171; x_wconf 85' lang='lat' dir='ltr'>saepe,</span> <span class='ocrx_word' id='word_1_143' title='bbox 1094 1117 1168 1157; x_wconf 92' lang='lat' dir='ltr'>ubi</span> <span class='ocrx_word' id='word_1_144' title='bbox 1209 1116 1424 1157; x_wconf 83' lang='lat' dir='ltr'>conditum</span> 
     </span>
     <span class='ocr_line' id='line_1_19' title="bbox 75 1175 1424 1230; baseline -0.001 -13"><span class='ocrx_word' id='word_1_145' title='bbox 75 1191 233 1217; x_wconf 86' lang='lat' dir='ltr'>novum</span> <span class='ocrx_word' id='word_1_146' title='bbox 253 1179 409 1229; x_wconf 87' lang='lat' dir='ltr'>vinum,</span> <span class='ocrx_word' id='word_1_147' title='bbox 437 1191 556 1218; x_wconf 84' lang='lat' dir='ltr'>orcae</span> <span class='ocrx_word' id='word_1_148' title='bbox 574 1179 616 1217; x_wconf 90' lang='lat' dir='ltr'>in</span> <span class='ocrx_word' id='word_1_149' title='bbox 639 1175 925 1230; x_wconf 84' lang='lat' dir='ltr'>Hispania[m]</span> <span class='ocrx_word' id='word_1_150' title='bbox 947 1177 1107 1217; x_wconf 87' lang='lat' dir='ltr'>fervore</span> <span class='ocrx_word' id='word_1_151' title='bbox 1127 1175 1256 1216; x_wconf 87' lang='lat' dir='ltr'>musti</span> <span class='ocrx_word' id='word_1_152' title='bbox 1277 1179 1424 1229; x_wconf 91' lang='lat' dir='ltr'>ruptae</span> 
     </span>
     <span class='ocr_line' id='line_1_20' title="bbox 75 1235 1425 1290; baseline -0.001 -14"><span class='ocrx_word' id='word_1_153' title='bbox 75 1250 210 1290; x_wconf 90' lang='lat' dir='ltr'>neque</span> <span class='ocrx_word' id='word_1_154' title='bbox 249 1250 337 1277; x_wconf 92' lang='lat' dir='ltr'>non</span> <span class='ocrx_word' id='word_1_155' title='bbox 377 1236 497 1277; x_wconf 89' lang='lat' dir='ltr'>dolea</span> <span class='ocrx_word' id='word_1_156' title='bbox 534 1239 580 1277; x_wconf 91' lang='lat' dir='ltr'>in</span> <span class='ocrx_word' id='word_1_157' title='bbox 619 1235 753 1277; x_wconf 89' lang='lat' dir='ltr'>Italia.</span> <span class='ocrx_word' id='word_1_158' title='bbox 814 1239 915 1276; x_wconf 88' lang='lat' dir='ltr'>item</span> <span class='ocrx_word' id='word_1_159' title='bbox 954 1238 1088 1276; x_wconf 87' lang='lat' dir='ltr'>cetera</span> <span class='ocrx_word' id='word_1_160' title='bbox 1124 1238 1172 1275; x_wconf 90' lang='lat' dir='ltr'>ut</span> <span class='ocrx_word' id='word_1_161' title='bbox 1206 1238 1344 1276; x_wconf 88' lang='lat' dir='ltr'>essent</span> <span class='ocrx_word' id='word_1_162' title='bbox 1380 1237 1425 1275; x_wconf 92' lang='lat' dir='ltr'>in</span> 
     </span>
     <span class='ocr_line' id='line_1_21' title="bbox 24 1294 1425 1349; baseline -0.001 -12"><span class='ocrx_word' id='word_1_163' title='bbox 24 1311 58 1337; x_wconf 83' lang='lat'>20</span> <span class='ocrx_word' id='word_1_164' title='bbox 77 1296 179 1336; x_wconf 87' lang='lat' dir='ltr'>villa</span> <span class='ocrx_word' id='word_1_165' title='bbox 214 1295 387 1336; x_wconf 87' lang='lat' dir='ltr'>huiusce</span> <span class='ocrx_word' id='word_1_166' title='bbox 421 1295 546 1349; x_wconf 87' lang='lat' dir='ltr'>modi,</span> <span class='ocrx_word' id='word_1_167' title='bbox 580 1310 684 1349; x_wconf 90' lang='lat' dir='ltr'>quae</span> <span class='ocrx_word' id='word_1_168' title='bbox 718 1297 881 1336; x_wconf 83' lang='lat' dir='ltr'>cultura</span> <span class='ocrx_word' id='word_1_169' title='bbox 916 1294 1198 1349; x_wconf 85' lang='lat' dir='ltr'>quaer&lt;er&gt;et,</span> <span class='ocrx_word' id='word_1_170' title='bbox 1237 1294 1425 1348; x_wconf 87' lang='lat' dir='ltr'>provide-</span> 
     </span>
     <span class='ocr_line' id='line_1_22' title="bbox 76 1354 1462 1408; baseline 0 -13"><span class='ocrx_word' id='word_1_171' title='bbox 76 1354 190 1396; x_wconf 88' lang='lat' dir='ltr'>bant.</span> <span class='ocrx_word' id='word_1_172' title='bbox 238 1369 351 1395; x_wconf 87' lang='lat' dir='ltr'>nunc</span> <span class='ocrx_word' id='word_1_173' title='bbox 384 1357 530 1396; x_wconf 87' lang='lat' dir='ltr'>contra</span> <span class='ocrx_word' id='word_1_174' title='bbox 559 1356 704 1395; x_wconf 85' lang='lat' dir='ltr'>villam</span> <span class='ocrx_word' id='word_1_175' title='bbox 735 1354 940 1396; x_wconf 88' lang='lat' dir='ltr'>urbanam</span> <span class='ocrx_word' id='word_1_176' title='bbox 972 1368 1098 1408; x_wconf 90' lang='lat' dir='ltr'>quam</span> <span class='ocrx_word' id='word_1_177' title='bbox 1128 1357 1353 1394; x_wconf 87' lang='lat' dir='ltr'>maximam</span> <span class='ocrx_word' id='word_1_178' title='bbox 1379 1356 1462 1396; x_wconf 79' lang='lat' dir='ltr'>ac7</span> 
     </span>
     <span class='ocr_line' id='line_1_23' title="bbox 78 1413 1425 1468; baseline -0.001 -13"><span class='ocrx_word' id='word_1_179' title='bbox 78 1415 376 1467; x_wconf 88' lang='lat' dir='ltr'>politissimam</span> <span class='ocrx_word' id='word_1_180' title='bbox 412 1414 594 1455; x_wconf 88' lang='lat' dir='ltr'>habeant</span> <span class='ocrx_word' id='word_1_181' title='bbox 632 1414 732 1455; x_wconf 89' lang='lat' dir='ltr'>dant</span> <span class='ocrx_word' id='word_1_182' title='bbox 770 1429 939 1468; x_wconf 87' lang='lat' dir='ltr'>operam</span> <span class='ocrx_word' id='word_1_183' title='bbox 978 1428 1024 1454; x_wconf 91' lang='lat' dir='ltr'>ac</span> <span class='ocrx_word' id='word_1_184' title='bbox 1062 1413 1348 1454; x_wconf 83' lang='lat' dir='ltr'>cum·Metelli</span> <span class='ocrx_word' id='word_1_185' title='bbox 1379 1427 1425 1453; x_wconf 87' lang='lat' dir='ltr'>ac</span> 
     </span>
     <span class='ocr_line' id='line_1_24' title="bbox 20 1472 1423 1528; baseline -0.001 -14"><span class='ocrx_word' id='word_1_186' title='bbox 20 1498 26 1503; x_wconf 94' lang='lat'>-</span> <span class='ocrx_word' id='word_1_187' title='bbox 78 1472 245 1514; x_wconf 76' lang='lat' dir='ltr'>Lucum·</span> <span class='ocrx_word' id='word_1_188' title='bbox 283 1474 395 1514; x_wconf 85' lang='lat' dir='ltr'>villis</span> <span class='ocrx_word' id='word_1_189' title='bbox 430 1477 612 1528; x_wconf 91' lang='lat' dir='ltr'>pessimo</span> <span class='ocrx_word' id='word_1_190' title='bbox 644 1473 815 1528; x_wconf 89' lang='lat' dir='ltr'>publico</span> <span class='ocrx_word' id='word_1_191' title='bbox 848 1473 1073 1514; x_wconf 86' lang='lat' dir='ltr'>aedificatis</span> <span class='ocrx_word' id='word_1_192' title='bbox 1107 1476 1278 1514; x_wconf 84' lang='lat' dir='ltr'>certant.</span> <span class='ocrx_word' id='word_1_193' title='bbox 1341 1487 1423 1526; x_wconf 88' lang='lat' dir='ltr'>quo</span> 
     </span>
     <span class='ocr_line' id='line_1_25' title="bbox 77 1532 1423 1587; baseline -0.001 -14"><span class='ocrx_word' id='word_1_194' title='bbox 77 1532 122 1573; x_wconf 92' lang='lat' dir='ltr'>hi</span> <span class='ocrx_word' id='word_1_195' title='bbox 153 1533 348 1574; x_wconf 89' lang='lat' dir='ltr'>laborant</span> <span class='ocrx_word' id='word_1_196' title='bbox 378 1535 426 1573; x_wconf 89' lang='lat' dir='ltr'>ut</span> <span class='ocrx_word' id='word_1_197' title='bbox 458 1535 646 1587; x_wconf 85' lang='lat' dir='ltr'>spectent</span> <span class='ocrx_word' id='word_1_198' title='bbox 673 1548 747 1573; x_wconf 89' lang='lat' dir='ltr'>sua</span> <span class='ocrx_word' id='word_1_199' title='bbox 773 1536 930 1574; x_wconf 86' lang='lat' dir='ltr'>aestiva</span> <span class='ocrx_word' id='word_1_200' title='bbox 954 1534 1187 1574; x_wconf 85' lang='lat' dir='ltr'>triclinaria</span> <span class='ocrx_word' id='word_1_201' title='bbox 1213 1532 1263 1573; x_wconf 91' lang='lat' dir='ltr'>ad</span> <span class='ocrx_word' id='word_1_202' title='bbox 1289 1533 1423 1586; x_wconf 84' lang='lat' dir='ltr'>frigus</span> 
     </span>
     <span class='ocr_line' id='line_1_26' title="bbox 25 1592 1425 1646; baseline -0.001 -13"><span class='ocrx_word' id='word_1_203' title='bbox 25 1608 58 1633; x_wconf 77' lang='lat'>25</span> <span class='ocrx_word' id='word_1_204' title='bbox 79 1594 269 1646; x_wconf 78' lang='lat' dir='ltr'>orientis,</span> <span class='ocrx_word' id='word_1_205' title='bbox 313 1592 488 1633; x_wconf 92' lang='lat' dir='ltr'>hiberna</span> <span class='ocrx_word' id='word_1_206' title='bbox 525 1593 576 1633; x_wconf 92' lang='lat' dir='ltr'>ad</span> <span class='ocrx_word' id='word_1_207' title='bbox 618 1593 747 1634; x_wconf 89' lang='lat' dir='ltr'>solem</span> <span class='ocrx_word' id='word_1_208' title='bbox 786 1592 1058 1645; x_wconf 85' lang='lat' dir='ltr'>occidentem,</span> <span class='ocrx_word' id='word_1_209' title='bbox 1103 1594 1245 1646; x_wconf 87' lang='lat' dir='ltr'>potius</span> <span class='ocrx_word' id='word_1_210' title='bbox 1289 1606 1425 1646; x_wconf 87' lang='lat' dir='ltr'>quam,</span> 
     </span>
     <span class='ocr_line' id='line_1_27' title="bbox 78 1652 1426 1706; baseline -0.001 -14"><span class='ocrx_word' id='word_1_211' title='bbox 78 1653 126 1692; x_wconf 89' lang='lat' dir='ltr'>ut</span> <span class='ocrx_word' id='word_1_212' title='bbox 163 1654 343 1706; x_wconf 90' lang='lat' dir='ltr'>antiqui,</span> <span class='ocrx_word' id='word_1_213' title='bbox 386 1654 433 1692; x_wconf 89' lang='lat' dir='ltr'>in</span> <span class='ocrx_word' id='word_1_214' title='bbox 471 1667 596 1706; x_wconf 91' lang='lat' dir='ltr'>quam</span> <span class='ocrx_word' id='word_1_215' title='bbox 633 1654 795 1706; x_wconf 90' lang='lat' dir='ltr'>partem</span> <span class='ocrx_word' id='word_1_216' title='bbox 833 1653 937 1693; x_wconf 83' lang='lat' dir='ltr'>cella</span> <span class='ocrx_word' id='word_1_217' title='bbox 974 1654 1136 1693; x_wconf 83' lang='lat' dir='ltr'>vinaria</span> <span class='ocrx_word' id='word_1_218' title='bbox 1167 1654 1240 1692; x_wconf 90' lang='lat' dir='ltr'>aut</span> <span class='ocrx_word' id='word_1_219' title='bbox 1272 1652 1426 1692; x_wconf 88' lang='lat' dir='ltr'>olearia</span> 
     </span>
     <span class='ocr_line' id='line_1_28' title="bbox 77 1711 1426 1764; baseline -0.001 -13"><span class='ocrx_word' id='word_1_220' title='bbox 77 1711 279 1752; x_wconf 89' lang='lat' dir='ltr'>fenestras</span> <span class='ocrx_word' id='word_1_221' title='bbox 318 1711 506 1764; x_wconf 84' lang='lat' dir='ltr'>haberet,</span> <span class='ocrx_word' id='word_1_222' title='bbox 551 1726 645 1752; x_wconf 91' lang='lat' dir='ltr'>cum</span> <span class='ocrx_word' id='word_1_223' title='bbox 682 1712 843 1752; x_wconf 87' lang='lat' dir='ltr'>fructus</span> <span class='ocrx_word' id='word_1_224' title='bbox 881 1715 927 1752; x_wconf 92' lang='lat' dir='ltr'>in</span> <span class='ocrx_word' id='word_1_225' title='bbox 958 1726 1005 1752; x_wconf 90' lang='lat' dir='ltr'>ea</span> <span class='ocrx_word' id='word_1_226' title='bbox 1035 1714 1221 1752; x_wconf 87' lang='lat' dir='ltr'>vinarius</span> <span class='ocrx_word' id='word_1_227' title='bbox 1255 1713 1426 1764; x_wconf 85' lang='lat' dir='ltr'>quaerat</span> 
     </span>
     <span class='ocr_line' id='line_1_29' title="bbox 79 1770 1426 1824; baseline 0 -14"><span class='ocrx_word' id='word_1_228' title='bbox 79 1770 130 1810; x_wconf 92' lang='lat' dir='ltr'>ad</span> <span class='ocrx_word' id='word_1_229' title='bbox 155 1770 268 1811; x_wconf 91' lang='lat' dir='ltr'>dolia</span> <span class='ocrx_word' id='word_1_230' title='bbox 293 1785 387 1811; x_wconf 88' lang='lat' dir='ltr'>aera</span> <span class='ocrx_word' id='word_1_231' title='bbox 411 1771 682 1824; x_wconf 82' lang='lat' dir='ltr'>frigidiorem,</span> <span class='ocrx_word' id='word_1_232' title='bbox 714 1773 815 1811; x_wconf 89' lang='lat' dir='ltr'>item</span> <span class='ocrx_word' id='word_1_233' title='bbox 842 1772 997 1812; x_wconf 89' lang='lat' dir='ltr'>olearia</span> <span class='ocrx_word' id='word_1_234' title='bbox 1022 1770 1272 1811; x_wconf 88' lang='lat' dir='ltr'>calidiorem.</span> <span class='ocrx_word' id='word_1_235' title='bbox 1325 1772 1426 1810; x_wconf 87' lang='lat' dir='ltr'>item</span> 
     </span>
     <span class='ocr_line' id='line_1_30' title="bbox 78 1829 1425 1884; baseline -0.001 -14"><span class='ocrx_word' id='word_1_236' title='bbox 78 1829 215 1870; x_wconf 82' lang='lat' dir='ltr'>videre</span> <span class='ocrx_word' id='word_1_237' title='bbox 248 1832 430 1883; x_wconf 88' lang='lat' dir='ltr'>oportet,</span> <span class='ocrx_word' id='word_1_238' title='bbox 475 1833 510 1871; x_wconf 88' lang='lat' dir='ltr'>si</span> <span class='ocrx_word' id='word_1_239' title='bbox 543 1832 605 1871; x_wconf 89' lang='lat' dir='ltr'>est</span> <span class='ocrx_word' id='word_1_240' title='bbox 631 1831 767 1884; x_wconf 78' lang='lat' dir='ltr'>collis,</span> <span class='ocrx_word' id='word_1_241' title='bbox 811 1833 894 1871; x_wconf 87' lang='lat' dir='ltr'>nisi</span> <span class='ocrx_word' id='word_1_242' title='bbox 927 1830 1028 1884; x_wconf 90' lang='lat' dir='ltr'>quid</span> <span class='ocrx_word' id='word_1_243' title='bbox 1057 1829 1250 1884; x_wconf 89' lang='lat' dir='ltr'>impedit,</span> <span class='ocrx_word' id='word_1_244' title='bbox 1288 1832 1335 1869; x_wconf 88' lang='lat' dir='ltr'>ut</span> <span class='ocrx_word' id='word_1_245' title='bbox 1366 1829 1425 1870; x_wconf 91' lang='lat' dir='ltr'>ibi</span> 
     </span>
     <span class='ocr_line' id='line_1_31' title="bbox 26 1890 703 1943; baseline 0.001 -14"><span class='ocrx_word' id='word_1_246' title='bbox 26 1904 60 1929; x_wconf 86' lang='lat'>30</span> <span class='ocrx_word' id='word_1_247' title='bbox 79 1891 347 1943; x_wconf 90' lang='lat' dir='ltr'>potissimum</span> <span class='ocrx_word' id='word_1_248' title='bbox 377 1892 560 1943; x_wconf 89' lang='lat' dir='ltr'>ponatur</span> <span class='ocrx_word' id='word_1_249' title='bbox 591 1890 703 1931; x_wconf 88' lang='lat' dir='ltr'>villa.</span> 
     </span>
     <span class='ocr_line' id='line_1_32' title="bbox 195 1946 1521 2003; baseline -0.001 -14"><span class='ocrx_word' id='word_1_250' title='bbox 195 1946 322 1989; x_wconf 88' lang='lat' dir='ltr'>Nunc</span> <span class='ocrx_word' id='word_1_251' title='bbox 362 1948 410 1988; x_wconf 91' lang='lat' dir='ltr'>de</span> <span class='ocrx_word' id='word_1_252' title='bbox 451 1951 623 2003; x_wconf 82' lang='lat' dir='ltr'>saeptis,</span> <span class='ocrx_word' id='word_1_253' title='bbox 668 1963 772 2003; x_wconf 88' lang='lat' dir='ltr'>quae</span> <span class='ocrx_word' id='word_1_254' title='bbox 804 1949 979 1995; x_wconf 62' lang='lat' dir='ltr'>‚tutandi</span> <span class='ocrx_word' id='word_1_255' title='bbox 1023 1963 1147 1989; x_wconf 90' lang='lat' dir='ltr'>causa</span> <span class='ocrx_word' id='word_1_256' title='bbox 1189 1948 1310 1990; x_wconf 89' lang='lat' dir='ltr'>fundi</span> <span class='ocrx_word' id='word_1_257' title='bbox 1353 1950 1425 1988; x_wconf 90' lang='lat' dir='ltr'>aut</span> <span class='ocrx_word' id='word_1_258' title='bbox 1438 1958 1521 1993; x_wconf 81' lang='lat' dir='ltr'>XIV</span> 
     </span>
     <span class='ocr_line' id='line_1_33' title="bbox 78 2007 1426 2062; baseline -0.001 -14"><span class='ocrx_word' id='word_1_259' title='bbox 78 2010 209 2061; x_wconf 87' lang='lat' dir='ltr'>partis</span> <span class='ocrx_word' id='word_1_260' title='bbox 266 2007 388 2061; x_wconf 88' lang='lat' dir='ltr'>fiant,</span> <span class='ocrx_word' id='word_1_261' title='bbox 444 2008 588 2050; x_wconf 89' lang='lat' dir='ltr'>dicam.</span> <span class='ocrx_word' id='word_1_262' title='bbox 675 2023 817 2049; x_wconf 88' lang='lat' dir='ltr'>earum</span> <span class='ocrx_word' id='word_1_263' title='bbox 871 2009 1099 2049; x_wconf 87' lang='lat' dir='ltr'>tutelarum</span> <span class='ocrx_word' id='word_1_264' title='bbox 1147 2022 1301 2062; x_wconf 89' lang='lat' dir='ltr'>genera</span> <span class='ocrx_word' id='word_1_265' title='bbox 1349 2018 1426 2061; x_wconf 81' lang='lat'>1111,</span> 
     </span>
    </p>
   </div>
   <div class='ocr_carea' id='block_1_3' title="bbox 82 2092 363 2095">
    <p class='ocr_par' dir='ltr' id='par_1_3' title="bbox 82 2092 363 2095">
     <span class='ocr_line' id='line_1_34' title="bbox 82 2092 363 2095; baseline 0 0"><span class='ocrx_word' id='word_1_266' title='bbox 82 2092 363 2095; x_wconf 95' lang='lat' dir='ltr'> </span> 
     </span>
    </p>
   </div>
   <div class='ocr_carea' id='block_1_4' title="bbox 81 2123 1428 2358">
    <p class='ocr_par' dir='ltr' id='par_1_4' title="bbox 81 2123 1428 2358">
     <span class='ocr_line' id='line_1_35' title="bbox 197 2123 1426 2169; baseline -0.001 -12"><span class='ocrx_word' id='word_1_267' title='bbox 197 2130 216 2157; x_wconf 82' lang='lat'><strong>5</strong></span> <span class='ocrx_word' id='word_1_268' title='bbox 241 2124 326 2159; x_wconf 85' lang='lat' dir='ltr'>add.</span> <span class='ocrx_word' id='word_1_269' title='bbox 351 2136 372 2159; x_wconf 79' lang='grc' dir='ltr'><strong><em>υ</em></strong></span> <span class='ocrx_word' id='word_1_270' title='bbox 391 2125 402 2168; x_wconf 70' lang='lat' dir='ltr'><strong>fi</strong></span> <span class='ocrx_word' id='word_1_271' title='bbox 421 2131 440 2157; x_wconf 80' lang='lat'><strong>9</strong></span> <span class='ocrx_word' id='word_1_272' title='bbox 465 2124 700 2168; x_wconf 88' lang='lat' dir='ltr'>antiquorum</span> <span class='ocrx_word' id='word_1_273' title='bbox 726 2124 942 2169; x_wconf 86' lang='lat' dir='ltr'>(anticorum</span> <span class='ocrx_word' id='word_1_274' title='bbox 961 2124 1036 2159; x_wconf 84' lang='lat' dir='ltr'>cod.</span> <span class='ocrx_word' id='word_1_275' title='bbox 1061 2125 1161 2169; x_wconf 88' lang='lat' dir='ltr'>Par.)</span> <span class='ocrx_word' id='word_1_276' title='bbox 1181 2125 1192 2168; x_wconf 85' lang='grc' dir='ltr'>ΙΙ</span> <span class='ocrx_word' id='word_1_277' title='bbox 1211 2130 1244 2157; x_wconf 90' lang='grc'>11</span> <span class='ocrx_word' id='word_1_278' title='bbox 1269 2123 1426 2157; x_wconf 86' lang='lat' dir='ltr'>fructum</span> 
     </span>
     <span class='ocr_line' id='line_1_36' title="bbox 81 2171 1427 2217; baseline 0.001 -13"><span class='ocrx_word' id='word_1_279' title='bbox 81 2171 276 2215; x_wconf 74' lang='lat' dir='ltr'>(fruetuum</span> <span class='ocrx_word' id='word_1_280' title='bbox 283 2172 449 2216; x_wconf 76' lang='lat' dir='ltr'>plurima</span> <span class='ocrx_word' id='word_1_281' title='bbox 463 2173 686 2217; x_wconf 72' lang='lat' dir='ltr'>apoyrapha)</span> <span class='ocrx_word' id='word_1_282' title='bbox 710 2173 714 2216; x_wconf 87' lang='grc' dir='ltr'>Ι</span> <span class='ocrx_word' id='word_1_283' title='bbox 737 2172 832 2206; x_wconf 82' lang='lat' dir='ltr'>del.v</span> <span class='ocrx_word' id='word_1_284' title='bbox 851 2174 862 2216; x_wconf 74' lang='lat' dir='ltr'>n</span> <span class='ocrx_word' id='word_1_285' title='bbox 881 2178 917 2205; x_wconf 80' lang='lat'>15</span> <span class='ocrx_word' id='word_1_286' title='bbox 932 2172 1028 2206; x_wconf 83' lang='lat' dir='ltr'>del.v</span> <span class='ocrx_word' id='word_1_287' title='bbox 1046 2173 1057 2216; x_wconf 81' lang='grc' dir='ltr'>ΙΙ</span> <span class='ocrx_word' id='word_1_288' title='bbox 1076 2178 1110 2204; x_wconf 78' lang='grc'>17</span> <span class='ocrx_word' id='word_1_289' title='bbox 1127 2173 1216 2214; x_wconf 88' lang='lat' dir='ltr'>quot</span> <span class='ocrx_word' id='word_1_290' title='bbox 1234 2173 1245 2216; x_wconf 85' lang='grc' dir='ltr'>ΙΙ</span> <span class='ocrx_word' id='word_1_291' title='bbox 1264 2177 1299 2204; x_wconf 86' lang='grc'>18</span> <span class='ocrx_word' id='word_1_292' title='bbox 1314 2171 1378 2205; x_wconf 84' lang='lat' dir='ltr'>del.</span> <span class='ocrx_word' id='word_1_293' title='bbox 1388 2171 1427 2216; x_wconf 51' lang='lat' dir='ltr'>vl}</span> 
     </span>
     <span class='ocr_line' id='line_1_37' title="bbox 81 2218 1428 2264; baseline 0 -13"><span class='ocrx_word' id='word_1_294' title='bbox 81 2225 120 2251; x_wconf 77' lang='lat'>2⁰</span> <span class='ocrx_word' id='word_1_295' title='bbox 133 2218 216 2253; x_wconf 79' lang='lat' dir='ltr'>add.</span> <span class='ocrx_word' id='word_1_296' title='bbox 243 2219 434 2254; x_wconf 73' lang='lat' dir='ltr'>Iucundus</span> <span class='ocrx_word' id='word_1_297' title='bbox 457 2220 469 2264; x_wconf 86' lang='grc' dir='ltr'>ΙΙ</span> <span class='ocrx_word' id='word_1_298' title='bbox 494 2226 532 2253; x_wconf 80' lang='lat'>22</span> <span class='ocrx_word' id='word_1_299' title='bbox 557 2219 695 2253; x_wconf 84' lang='lat' dir='ltr'>metelli</span> <span class='ocrx_word' id='word_1_300' title='bbox 726 2219 801 2254; x_wconf 68' lang='lat' dir='ltr'>cod,</span> <span class='ocrx_word' id='word_1_301' title='bbox 829 2220 948 2254; x_wconf 79' lang='lat' dir='ltr'>Paris.</span> <span class='ocrx_word' id='word_1_302' title='bbox 999 2219 1138 2253; x_wconf 85' lang='lat' dir='ltr'>metalli</span> <span class='ocrx_word' id='word_1_303' title='bbox 1163 2220 1175 2263; x_wconf 82' lang='grc' dir='ltr'>ΙΙ</span> <span class='ocrx_word' id='word_1_304' title='bbox 1199 2225 1237 2252; x_wconf 76' lang='lat'>24</span> <span class='ocrx_word' id='word_1_305' title='bbox 1262 2218 1428 2252; x_wconf 83' lang='lat' dir='ltr'>laborant</span> 
     </span>
     <span class='ocr_line' id='line_1_38' title="bbox 81 2265 1425 2311; baseline 0 -12"><span class='ocrx_word' id='word_1_306' title='bbox 81 2277 111 2300; x_wconf 84' lang='lat' dir='ltr'>v.</span> <span class='ocrx_word' id='word_1_307' title='bbox 160 2265 325 2300; x_wconf 84' lang='lat' dir='ltr'>laborent</span> <span class='ocrx_word' id='word_1_308' title='bbox 354 2267 366 2310; x_wconf 81' lang='lat'>11</span> <span class='ocrx_word' id='word_1_309' title='bbox 397 2273 432 2299; x_wconf 80' lang='lat'>27</span> <span class='ocrx_word' id='word_1_310' title='bbox 460 2266 499 2300; x_wconf 88' lang='lat' dir='ltr'>in</span> <span class='ocrx_word' id='word_1_311' title='bbox 525 2278 567 2301; x_wconf 80' lang='lat' dir='ltr'>ea</span> <span class='ocrx_word' id='word_1_312' title='bbox 586 2267 785 2302; x_wconf 65' lang='lat' dir='ltr'>[mundus.</span> <span class='ocrx_word' id='word_1_313' title='bbox 837 2267 874 2300; x_wconf 87' lang='lat' dir='ltr'>in</span> <span class='ocrx_word' id='word_1_314' title='bbox 902 2268 1031 2311; x_wconf 71' lang='grc'><strong>001129</strong></span> <span class='ocrx_word' id='word_1_315' title='bbox 1057 2268 1098 2300; x_wconf 86' lang='lat' dir='ltr'>ut</span> <span class='ocrx_word' id='word_1_316' title='bbox 1122 2265 1175 2299; x_wconf 89' lang='lat' dir='ltr'>ibi</span> <span class='ocrx_word' id='word_1_317' title='bbox 1202 2266 1276 2300; x_wconf 79' lang='lat' dir='ltr'>eod.</span> <span class='ocrx_word' id='word_1_318' title='bbox 1304 2266 1425 2300; x_wconf 83' lang='lat' dir='ltr'>Paris.</span> 
     </span>
     <span class='ocr_line' id='line_1_39' title="bbox 83 2313 241 2358; baseline 0 -12"><span class='ocrx_word' id='word_1_319' title='bbox 83 2314 123 2346; x_wconf 86' lang='lat' dir='ltr'>ut</span> <span class='ocrx_word' id='word_1_320' title='bbox 146 2313 211 2346; x_wconf 88' lang='lat' dir='ltr'>ubi</span> <span class='ocrx_word' id='word_1_321' title='bbox 229 2316 241 2358; x_wconf 75' lang='lat' dir='ltr'>n</span> 
     </span>
    </p>
   </div>
  </div>
 </body>
</html>
