1560 2506
423 65 589 99 RERVM
614 64 922 100 RVSTICARVM
945 65 1031 99 LIB.
1051 65 1082 98 Π
1110 69 1128 99 1
1394 66 1449 107 69

97 165 139 203 et
160 161 410 203 Aristoteles
433 160 660 215 Stagerites
682 186 737 189 ——
757 175 924 201 necesse
951 164 1013 202 est
1037 161 1244 202 humanae
1269 165 1378 202 vitae
1400 162 1450 203 ab

99 236 263 262 summa
287 223 488 261 memoria
513 220 720 274 gradatim
748 220 1008 261 descendisse
1041 220 1091 260 ad
1123 220 1230 261 hanc
1263 224 1451 274 aetatem,

96 283 144 321 ut
189 280 333 321 scribit
364 278 644 320 Dicaearchus
690 277 735 334 (I
753 281 779 319 4
802 277 898 334 M.),
950 282 990 319 et
1029 294 1238 320 summum
1274 281 1451 334 gradum

98 339 228 380 fuisse
264 339 517 391 naturalem,
563 353 657 379 cum
694 341 882 379 viverent
912 338 1103 379 homines
1137 353 1186 379 ex
1216 339 1282 379 his
1315 339 1451 392 rebus,

97 412 201 452 quae
243 398 448 438 inviolata
489 398 602 438 ultro
647 397 773 438 ferret
813 400 940 450 terra,
986 412 1034 438 ex
1072 398 1149 438 hac
1187 401 1275 438 vita
1313 401 1359 438 in
1392 400 1492 439 δεῖ-4

97 457 275 498 cundam
307 456 568 497 descendisse
599 459 887 509 pastoriciam,
930 471 950 496 e
989 457 1087 497 feris
1121 460 1245 510 atque
1278 460 1451 511 agresti-

94 516 172 557 bus
216 518 265 556 ut
308 515 528 556 arboribus
574 530 620 556 ac
662 517 861 569 virgultis
906 514 987 569 [ac]
1033 516 1291 569 decarpendo
1333 517 1450 570 glan—

95 575 198 628 dem,
231 574 498 628 arbu[s]tum,
529 589 658 628 mora,
689 589 816 628 poma
848 576 1097 628 colligerent
1129 576 1180 615 ad
1211 590 1346 628 usum,
1392 579 1450 616 sic

96 649 143 675 ex
188 634 440 674 animalibus
487 649 581 674 cum
624 637 797 687 propter
841 634 1012 674 eandem
1056 636 1301 688 utilitatem,
1346 649 1451 688 quae

93 696 286 747 possent,
333 694 542 734 silvestria
585 692 943 746 dep<r>enderent
984 707 1031 734 ac
1074 694 1371 734 concluderent
1411 698 1452 734 et

95 755 445 793 mansuescerent.
495 755 540 792 in
573 755 665 805 quis
698 755 882 805 primum
913 767 1000 792 non
1035 756 1123 793 sine
1150 768 1274 793 causa
1298 756 1452 806 putant

95 825 191 852 oves
219 814 455 864 assumptas
483 814 524 852 et
548 814 721 864 propter
746 813 974 852 utilitatem
1007 814 1047 852 et
1071 815 1244 865 propter
1267 812 1450 865 <p>laci-

94 870 278 911 ditatem.
339 873 518 911 maxime
563 873 674 911 enim
718 871 794 911 hae
837 873 989 910 natura
1032 874 1196 924 quietae
1240 874 1280 911 et
1324 875 1450 925 aptis-

96 933 224 970 simae
268 930 319 970 ad
362 932 493 970 vitam
533 929 765 970 hominum.
829 930 880 970 ad
924 930 1064 970 cibum
1108 933 1219 971 enim
1262 932 1369 971 lacte
1411 933 1452 971 et

95 1003 260 1029 caseum
304 989 558 1041 adhibitum,
603 989 654 1029 ad
699 1003 849 1042 corpus
894 992 1093 1029 vestitum
1132 993 1172 1030 et
1209 991 1339 1043 pelles
1382 990 1449 1030 ad—

93 1049 294 1089 tulerunt.
344 1051 470 1089 tertio
504 1048 682 1102 denique
713 1047 846 1102 gradu
880 1063 903 1088 a
934 1051 1022 1089 vita
1051 1050 1256 1102 pastorali
1282 1049 1333 1089 ad
1359 1049 1492 1103 agri5

94 1108 303 1148 culturam
353 1107 671 1161 descenderunt,
720 1111 766 1148 in
816 1122 899 1160 qua
948 1122 997 1148 ex
1041 1108 1204 1149 duobus
1249 1108 1449 1162 gradibus

94 1166 381 1220 superioribus
426 1169 691 1207 retinuerunt
732 1168 884 1221 multa,
929 1169 970 1207 et
1013 1181 1096 1220 quo
1142 1167 1450 1222 descenderant,

92 1225 153 1266 ibi
184 1229 478 1279 processerunt
509 1227 648 1280 longe,
693 1226 791 1266 dum
824 1226 875 1266 ad
905 1240 983 1266 nos
1015 1229 1262 1279 perveniret.
1324 1229 1450 1268 etiam

40 1301 54 1326 ‘2
92 1299 206 1325 nunc
248 1288 294 1325 in
338 1286 441 1326 locis
486 1287 631 1325 multis
676 1299 831 1339 genera
872 1285 1079 1338 pecudum
1124 1286 1305 1326 ferarum
1351 1289 1451 1326 sunt

94 1345 267 1397 aliquot,
301 1344 351 1384 ab
385 1344 545 1397 ovibus,
578 1347 625 1384 ut
656 1347 702 1384 in
733 1343 932 1398 Phrygia,
969 1345 1042 1384 ubi
1074 1359 1222 1398 greges
1255 1345 1450 1386 videntur

94 1404 347 1456 complures,
389 1406 434 1444 in
467 1402 736 1444 Samothrace
769 1418 1005 1457 caprarum,
1038 1418 1140 1457 quas
1174 1406 1303 1445 latine
1335 1407 1448 1445 rotas

94 1463 321 1516 appellant.
397 1465 496 1503 sunt
539 1465 650 1503 enim
693 1466 739 1504 in
776 1462 901 1504 Italia
945 1466 1101 1503 circum
1138 1462 1365 1504 Fiscellum
1410 1467 1450 1504 et

93 1521 301 1562 Tetricam
344 1525 508 1563 montes
552 1523 720 1563 multae.
796 1522 844 1562 de
883 1522 1010 1563 subus
1049 1525 1209 1563 nemini
1240 1526 1448 1577 ignotum,

93 1583 176 1621 nisi
219 1583 291 1634 qui
333 1595 454 1634 apros
495 1596 583 1622 non
620 1584 743 1634 putat
781 1596 874 1622 sues
912 1584 1064 1622 vocari.
1127 1582 1253 1622 boves
1294 1583 1448 1635 perferi

93 1642 219 1680 etiam
254 1654 368 1680 nunc
407 1643 506 1680 sunt
542 1642 667 1680 multi
704 1643 749 1681 in
780 1640 1017 1681 Dardanica
1055 1644 1095 1681 et
1124 1640 1370 1694 M<a>edica
1408 1644 1449 1682 et

92 1698 281 1752 Thracia,
314 1702 421 1741 asini
454 1700 531 1739 feri
562 1702 607 1739 in
639 1698 827 1753 Phrygia
860 1703 900 1740 et
928 1699 1208 1753 <Ly>eaonia,
1242 1704 1337 1754 equi
1370 1701 1447 1741 feri

92 1760 139 1798 in
169 1757 435 1811 Hispania[e]
469 1761 660 1800 citeriore
692 1759 936 1813 regionibus
970 1760 1143 1813 aliquot.

212 1816 360 1871 Origo,
399 1832 524 1871 quam
557 1818 660 1871 dixi,
703 1818 904 1872 dignitas,
950 1833 1075 1871 quam
1108 1818 1334 1871 di[xi]cam.
1398 1818 1487 1859 de6

95 1878 278 1930 antiquis
311 1877 624 1917 illustrissimus
658 1880 836 1930 quisque
867 1880 1013 1930 pastor
1045 1881 1149 1930 erat,
1184 1880 1233 1917 ut
1265 1878 1449 1918 ostendit

95 1937 135 1975 et
166 1950 315 1989 graeca
346 1939 386 1976 et
418 1937 551 1977 latina
581 1937 730 1990 lingua
767 1939 807 1977 et
838 1939 995 1977 veteres
1028 1940 1192 1990 poetae,
1238 1939 1310 1990 qui
1342 1938 1447 1977 alios

211 2116 228 2143 1
248 2109 293 2143 ab
309 2110 396 2145 duce
410 2111 484 2145 cod.
499 2111 620 2145 Paris.
631 2111 726 2145 Keil.
749 2111 796 2144 ad
815 2112 826 2155 ΙΙ
845 2118 862 2144 4
878 2122 921 2145 ex
936 2112 992 2145 his
1009 2111 1123 2155 (exiis
1146 2112 1186 2153 V,
1201 2112 1300 2155 Keil)
1321 2112 1331 2155 ΙΙ
1351 2118 1369 2144 6
1384 2112 1446 2144 ad-

95 2167 166 2199 que
191 2158 202 2201 ΙΙ
229 2164 242 2190 7
271 2158 337 2192 del.
367 2158 560 2192 Iucundus
585 2159 596 2201 Η
625 2164 642 2191 8
669 2158 734 2192 del.
762 2159 975 2193 Politianus
999 2160 1010 2202 ΙΙ
1035 2165 1072 2191 10
1098 2159 1183 2193 add.
1212 2159 1418 2193 Beroaldus
1436 2160 1448 2203 j}

93 2210 130 2236 12
157 2203 240 2238 add.
267 2216 288 2239 v
306 2206 317 2247 ll
338 2211 374 2237 19
400 2205 447 2239 ad
472 2216 537 2238 nos
571 2206 761 2240 Victorias.
813 2216 927 2239 annus
954 2207 965 2250 ΙΙ
993 2213 1028 2238 21
1055 2206 1206 2248 aliquod
1237 2208 1248 2250 l}
1279 2212 1316 2239 25
1342 2209 1448 2249 putat

97 2251 239 2293 (put-ant
264 2252 346 2286 Vet
366 2253 544 2287 nonnulla
564 2253 789 2298 apoyrapha)
821 2255 833 2297 Η
864 2260 902 2286 26
929 2254 1011 2287 add.
1041 2254 1128 2287 Keil
1158 2254 1169 2296 ΙΙ
1201 2259 1237 2285 27
1265 2252 1447 2296 Lycaonia

95 2298 254 2333 Plinius.
288 2299 441 2332 chaonia
459 2301 471 2344 ΙΙ
490 2305 528 2332 28
554 2300 620 2334 del.
646 2311 708 2334 mv
734 2304 765 2335 et
792 2301 865 2334 cod.
893 2300 932 2334 F
935 2301 998 2335 lor.
1018 2302 1030 2345 ΙΙ
1049 2307 1087 2333 29
1113 2301 1178 2334 del.
1213 2301 1247 2335 V
1268 2304 1300 2335 et
1319 2311 1353 2333 m
1373 2301 1384 2343 fl
