1555 2527
132 42 151 81 1
159 40 215 82 06
681 41 923 77 VARRONIS

126 139 341 179 mensibus
386 142 534 193 primis
580 154 604 180 a
646 142 771 193 partu
814 154 903 182 non
947 140 1227 195 diiunguntur
1271 153 1295 180 a
1336 141 1483 194 matre,

128 198 199 239 sed
229 201 472 239 minutatim
505 199 750 240 desuefiunt.
801 199 984 241 educunt
1015 214 1084 241 eos
1111 201 1253 254 plures
1279 202 1326 240 in
1350 213 1485 240 unum

127 259 267 298 locum
309 261 351 298 et
389 260 568 299 inritant
605 258 657 299 ad
693 259 988 312 pugnandum,
1034 273 1117 313 quo
1150 259 1260 300 fiunt
1291 261 1482 312 acriores,

57 318 112 359 13
126 331 262 371 neque
295 317 517 372 defatigari
547 320 780 371 patiuntur,
813 331 896 372 quo
923 318 1032 359 fiunt
1058 322 1284 373 segniores
1329 332 1484 359 consue

126 390 293 431 quoque
325 377 486 417 faciunt
519 380 566 417 ut
597 378 764 431 alligari
796 380 962 431 possint
992 381 1176 432 primum
1206 377 1367 418 levibus
1393 380 1482 418 vin-
1519 393 1536 419 ⁵

126 437 219 477 clis:
270 450 375 490 quae
420 439 455 477 si
499 436 696 477 abrodere
741 440 963 490 conantur,
1013 452 1065 478 ne
1114 437 1156 478 id
1207 438 1484 478 consuescant

125 496 276 548 facere,
317 496 559 536 verberibus
593 510 662 537 eos
697 496 901 537 deterrere
935 498 1083 538 solent.
1145 498 1302 551 pluviis
1336 496 1481 537 diebus

126 555 282 596 cubilia
338 555 641 596 substernenda
690 555 838 596 fronde
889 558 962 596 aut
1011 556 1168 609 pabulo
1220 555 1381 596 duabus
1433 555 1483 597 de

53 616 112 656 14
127 617 281 667 causis,
327 617 374 654 ut
416 629 469 655 ne
514 615 760 656 oblinantur
804 618 878 654 aut
920 615 1236 669 perfrigescant.
1311 615 1483 669 quidam

125 688 194 715 eos
228 676 424 727 castrant,
457 675 570 728 quod
602 688 649 714 eo
682 678 821 714 minus
854 677 1008 727 putant
1032 676 1267 729 relinquere
1292 688 1481 729 gregem:
1502 690 1537 716 10

125 733 296 787 quidam
335 747 423 774 non
466 734 644 786 faciunt,
693 733 805 787 quod
850 748 919 774 eos
965 734 1140 774 credunt
1183 737 1323 774 minus
1368 748 1481 775 acres

124 793 225 833 fieri.
294 792 465 846 quidam
508 793 686 833 nucibus
731 796 891 847 graecis
936 796 981 833 in
1025 807 1134 847 aqua
1176 795 1287 834 tritis
1331 807 1483 847 perun-

123 855 232 906 gunt
264 866 382 893 aures
416 855 457 893 et
487 855 598 893 inter
624 852 792 906 digitos,
824 852 937 905 quod
968 867 1135 893 muscae
1167 855 1207 893 et
1238 855 1361 893 ricini
1385 851 1492 905 (et)

123 913 282 965 pulices
317 913 496 964 soleant,
530 915 566 952 si
597 912 677 952 hoc
709 914 898 965 unguine
929 925 1017 952 non
1049 914 1105 952 sis
1137 927 1258 964 usus,
1291 926 1339 953 ea
1369 913 1483 953 exul-

54 971 109 1013 15
124 985 273 1012 cerare.
334 985 386 1011 ne
419 972 693 1012 vulnerentur
724 985 748 1011 a
779 971 942 1023 bestiis,
987 974 1266 1024 imponuntur
1299 971 1365 1012 his
1399 972 1482 1013 col-
1501 990 1534 1016 15

123 1032 244 1083 laria,
289 1044 395 1084 quae
433 1034 640 1071 vocantur
670 1032 860 1083 melium,
903 1031 948 1070 id
979 1033 1042 1071 est
1074 1032 1294 1085 cingulum
1325 1034 1482 1087 circum
1538 1062 1540 1064 -

124 1091 280 1131 collum
330 1104 379 1130 ex
429 1093 542 1131 corio
586 1090 708 1130 firmo
754 1105 849 1131 cum
893 1091 1067 1130 clavuh's
1113 1092 1324 1143 capitatis,
1375 1104 1483 1145 quae

122 1152 235 1190 intra
279 1152 417 1203 capita
458 1152 645 1190 insuitur
687 1150 810 1203 pellis
860 1150 1020 1202 moffls,
1070 1164 1122 1190 ne
1171 1152 1320 1191 noceat
1370 1151 1480 1191 collo

123 1209 278 1249 duritia
309 1209 425 1250 ferri:
459 1209 582 1263 quod,
616 1212 652 1250 si
683 1210 809 1262 lupus
837 1210 996 1249 aliusve
1022 1212 1116 1262 quis
1142 1209 1208 1249 his
1235 1210 1479 1250 vulneratus

123 1270 202 1320 est,
246 1269 428 1322 reliquas
467 1282 634 1323 quoque
666 1283 788 1309 canes
821 1268 937 1321 facit,
983 1282 1088 1322 quae
1119 1268 1163 1309 id
1193 1282 1282 1309 non
1311 1269 1480 1322 habent,
1500 1288 1534 1313 20

52 1327 171 1368 161112
203 1330 288 1368 sint
318 1331 365 1368 in
395 1330 501 1369 tuto.
571 1342 771 1369 numerus
805 1342 956 1368 canum
986 1342 1063 1381 pro
1095 1331 1258 1381 pecoris
1290 1329 1481 1369 multitu-

123 1387 218 1427 dine
261 1388 368 1428 solet
402 1390 558 1441 parari:
602 1388 687 1428 fere
727 1387 940 1428 modicum
978 1402 1066 1428 esse
1103 1390 1273 1441 putant,
1317 1390 1366 1428 ut
1397 1390 1480 1428 sin-

122 1447 214 1500 guli
259 1449 489 1500 sequantur
533 1448 725 1501 singulos
775 1448 995 1500 opiliones.
1071 1446 1119 1487 de
1169 1460 1253 1500 quo
1302 1461 1478 1488 numero

123 1507 230 1546 alius
264 1507 396 1546 alium
426 1506 600 1547 modum
632 1509 870 1558 constituit,
909 1506 1040 1560 quod,
1074 1509 1109 1547 si
1142 1509 1242 1547 sunt
1273 1509 1479 1561 regiones,

121 1565 195 1606 ubi
232 1565 389 1606 bestiae
429 1568 513 1606 sint
544 1567 718 1619 multae,
764 1566 916 1606 debent
947 1580 1036 1606 esse
1066 1567 1226 1619 plures,
1271 1566 1385 1619 quod
1416 1580 1480 1607 30-
1499 1584 1533 1610 25

120 1624 224 1665 cidit
266 1625 331 1665 his
377 1628 450 1679 qui
493 1640 568 1679 per
612 1627 736 1666 calles
783 1626 993 1666 silvestres
1038 1625 1296 1679 longinquos
1342 1626 1480 1666 solent

118 1686 313 1725 comitari
355 1687 402 1725 in
446 1688 604 1725 aestiva
647 1688 687 1726 et
731 1685 916 1726 hiberna.
984 1685 1171 1725 villatico
1216 1699 1313 1725 vero
1358 1687 1480 1739 gregi

118 1746 167 1784 in
204 1743 383 1784 fundum
422 1747 536 1786 satis⁴
561 1759 650 1785 esse
689 1744 788 1797 duo,
834 1747 874 1784 et
913 1743 957 1784 id
994 1758 1151 1784 marem
1188 1746 1229 1784 et
1266 1744 1478 1788 feminam.

119 1805 181 1843 ita
206 1806 318 1843 enim
345 1806 444 1844 sunt
470 1804 740 1856 adsiduioreS,
772 1803 885 1858 quod
911 1817 1006 1844 cum
1031 1804 1163 1844 altero
1189 1806 1289 1843 item
1316 1802 1477 1857 <alter>

118 1861 170 1902 fit
196 1865 340 1915 acrior,
368 1865 409 1903 et
435 1866 470 1903 si
497 1865 698 1904 alteruter
723 1877 846 1917 aeger
871 1865 944 1914 est,
969 1877 1022 1902 ne
1050 1865 1138 1903 sine
1165 1877 1265 1903 cane
1287 1877 1390 1917 grex
1410 1865 1478 1904 sit.
1497 1880 1533 1906 ³0

242 1920 348 1963 Cum
387 1925 737 1977 circumspiceret,
781 1922 938 1976 nequid
974 1924 1257 1975 praeterisset,
1301 1921 1394 1963 Hoc
1426 1925 1478 1963 si-

240 2055 257 2081 4
278 2049 369 2083 fiunt
389 2050 486 2085 Keil.
525 2050 614 2084 fiant
631 2052 643 2095 ΙΙ
664 2058 678 2084 7
699 2050 915 2085 uerueribus
935 2052 947 2094 ΙΙ
965 2055 1002 2082 13
1023 2049 1107 2084 add.
1124 2049 1316 2084 Iucundus
1334 2050 1346 2092 fl
1364 2055 1401 2083 15
1421 2061 1476 2094 sq.

120 2095 179 2129 his
205 2107 276 2130 mv.
329 2096 386 2130 bis
415 2098 419 2142 l
443 2098 592 2132 collaria
615 2110 688 2133 mv.
741 2098 890 2132 colloria
908 2099 920 2142 ΙΙ
939 2103 975 2130 21
1002 2108 1055 2140 sq.
1081 2097 1358 2131 multitudinem
1383 2098 1475 2139 Pol..

122 2143 358 2178 multitudine
384 2156 508 2190 apoyr.
547 2147 558 2189 ΙΙ
595 2152 634 2180 25
658 2146 800 2180 uestiae
836 2147 848 2190 ll
884 2151 924 2179 26
949 2144 1006 2177 his
1034 2144 1093 2189 (iis
1127 2144 1175 2189 V)
1207 2146 1218 2188 ΙΙ
1250 2151 1286 2177 27
1313 2144 1419 2189 gregi
1443 2155 1475 2179 v.

122 2201 232 2234 grege
252 2192 263 2234 ll
283 2197 320 2224 29
357 2203 410 2235 sq.
438 2204 520 2226 cum
545 2193 658 2227 altero
684 2193 775 2228 item
801 2191 947 2239 (alter)
974 2191 1015 2225 fit
1045 2191 1162 2226 acrior
1187 2194 1223 2225 et
1248 2191 1280 2225 si
1305 2192 1479 2226 alteruter

121 2248 231 2281 aeger
257 2240 311 2272 est
337 2239 425 2273 duce
452 2240 633 2285 Scaliyero
660 2242 751 2276 Keil.
804 2251 887 2275 cum
912 2241 1025 2274 altero
1051 2239 1152 2273 idem
1176 2238 1218 2273 fit
1242 2239 1359 2273 acrior
1383 2241 1420 2274 et
1443 2239 1477 2274 si
1544 2259 1549 2262 ·

117 2284 212 2318 alter
236 2285 361 2319 uidem
387 2286 467 2320 fiter
492 2298 601 2332 aeger
626 2290 680 2322 est
704 2288 827 2323 mendi
851 2292 939 2323 nota
964 2287 1135 2331 adposita
1152 2287 1164 2331 ΙΙ
