1555 2527
85 94 143 136 94
642 94 884 130 VARRONIS

84 193 228 233 tauros
273 192 465 245 totidem,
511 195 615 246 quot
650 191 836 245 Atticus,
882 192 933 232 ad
976 195 1169 233 matrices
1208 204 1301 233 LXX
1346 192 1442 246 duo,

84 266 216 292 unum
267 253 528 304 anniculum,
581 253 758 293 alterum
808 252 980 292 bimum.
1061 252 1161 292 haec
1213 252 1442 293 secundum

85 313 187 351 astri
226 314 418 352 exortum
456 311 580 364 facio,
627 312 739 365 quod
772 311 918 352 Graeci
950 314 1102 351 vocant
1134 312 1272 364 lyran,
1316 311 1443 352 fidem

14 370 69 411 13
83 372 231 411 nostri.
303 373 395 410 tum
434 370 612 424 denique
650 374 792 411 tauros
832 374 877 410 in
914 385 1086 424 gregem
1123 371 1280 424 redigo.
1352 385 1440 411 mas

84 443 138 469 an
170 430 326 470 femina
359 432 414 470 sit
446 433 657 483 concepta,
692 430 903 484 significat
930 430 1129 470 descensu
1155 433 1313 482 taurus,
1347 444 1442 470 cum

83 491 165 529 init
197 488 280 542 [si],
313 489 436 542 quod,
471 492 505 529 si
536 504 624 529 mas
659 492 732 542 est,
765 492 810 529 in
842 489 1116 529 dexteriorem
1148 492 1310 542 partem
1337 489 1442 542 abit3

85 550 119 588 si
140 548 307 600 femina,
327 551 372 588 in
393 551 706 589 sinisteriorem.
758 563 830 589 cur
850 548 929 588 hoc
949 549 1034 601 fiat,
1060 562 1133 588 vos
1155 548 1354 602 videritis,
1380 551 1443 589 in-

85 610 179 660 quit
197 607 314 660 mihi,
336 610 407 660 qui
423 606 697 648 Aristotelem
713 606 779 661 (de
789 608 1017 659 (semanim.
1036 607 1099 647 Vl
1111 611 1153 662 J)
1175 609 1328 662 legitis.
1354 622 1443 648 non

84 669 267 707 minores
290 670 458 720 oportet
477 670 584 707 inire
609 667 755 719 bimas,
777 670 824 706 ut
844 670 991 706 trimae
1011 669 1188 720 pariant,
1211 681 1258 708 eo
1279 668 1442 720 melius,

83 728 118 766 si
152 726 403 779 quadrimae.
454 727 677 779 pleraeque
708 729 881 779 pariunt
905 729 951 766 in
977 726 1116 766 decem
1143 741 1287 778 annos,
1320 741 1442 780 quae-

82 784 177 825 dam
216 788 340 825 etiam
382 786 536 839 plures.
597 788 777 826 maxime
815 785 1013 825 idoneum
1051 788 1216 839 tempus
1257 785 1308 825 ad
1346 799 1442 826 con-

82 844 321 898 cipiendum
355 859 378 884 a
411 845 599 898 delphini
633 847 780 885 exortu
812 859 945 898 usque
972 844 1023 884 ad
1049 844 1136 884 dies
1163 844 1443 898 quadraginta

82 906 155 943 aut
186 905 313 956 paulo
346 905 454 956 plus.
519 918 623 957 quae
664 907 775 944 enim
806 906 866 944 ita
898 907 1196 957 conceperunt,
1240 906 1442 957 tempera-

81 965 246 1003 tissimo
289 966 389 1003 anni
432 966 620 1016 tempore
658 966 847 1016 pariunt:
891 978 1038 1004 vaccae
1077 966 1188 1003 enim
1226 963 1440 1004 mensibus

12 1022 68 1063 14
82 1022 223 1062 decem
262 1025 360 1062 sunt
397 1025 660 1076 praegnates.
723 1022 772 1062 de
805 1023 956 1076 quibus
991 1022 1283 1063 admirandum
1315 1025 1441 1076 scrip-

81 1083 173 1121 tum
223 1084 383 1133 inveni,
436 1084 640 1135 exemptis
691 1083 897 1122 testiculis
951 1085 985 1122 si
1036 1085 1179 1122 statim
1224 1082 1440 1122 admiseris

79 1142 266 1193 taurum,
313 1144 541 1194 concipere.
612 1156 679 1181 eas
721 1144 838 1194 pasci
883 1144 1050 1195 oportet
1091 1142 1194 1182 locis
1235 1141 1440 1182 viridibus

81 1202 122 1240 et
172 1203 354 1252 aquosis.
436 1215 578 1241 cavere
624 1203 792 1254 oportet
834 1216 887 1241 ne
932 1204 1005 1241 aut
1055 1203 1277 1255 angustius
1330 1203 1442 1241 stent

80 1261 154 1299 aut
192 1260 397 1300 feriantur
435 1262 507 1300 aut
539 1262 803 1301 concurrant.
864 1262 1007 1314 itaque
1040 1260 1152 1314 quod
1185 1275 1252 1300 eas
1285 1262 1441 1300 aestate

79 1318 224 1358 tabani
269 1322 478 1360 concitare
524 1321 662 1360 solent
700 1322 741 1360 et
778 1319 979 1360 bestiolae
1019 1320 1222 1373 quaedam
1253 1321 1441 1360 minutae

81 1377 158 1418 sub
192 1378 322 1418 cauda
349 1378 468 1432 ali[i],
501 1394 554 1419 ne
587 1381 862 1432 concitentur,
895 1380 1027 1433 aliqui
1060 1380 1198 1420 solent
1228 1379 1442 1420 includere

81 1440 248 1490 saeptis.
322 1441 373 1478 iis
420 1438 632 1479 substerni
677 1441 845 1492 oportet
888 1439 1080 1480 frondem
1130 1438 1296 1479 aliudve
1340 1438 1442 1492 quid

79 1499 126 1536 in
153 1497 318 1550 cubilia,
353 1512 436 1551 quo
468 1499 639 1549 mollius
668 1501 978 1552 conquiescant.
1029 1500 1185 1539 aestate
1212 1497 1263 1538 ad
1289 1511 1442 1551 aquam

10 1554 66 1595 15
81 1556 378 1609 appellendum
410 1557 487 1609 bis,
528 1557 664 1598 hieme
697 1559 835 1598 semel.
899 1572 993 1598 cum
1024 1572 1169 1611 parere
1201 1559 1439 1610 coeperunt,

81 1615 310 1655 secundum
355 1616 522 1656 stabula
562 1617 767 1670 pabulum
812 1620 967 1658 servari
1006 1619 1174 1671 oportet
1213 1619 1439 1670 integrum,

80 1674 194 1728 quod
227 1674 544 1729 [r]egredientes
579 1677 800 1730 degustare
832 1679 1015 1730 possint:
1053 1676 1296 1717 fastidiosae
1328 1679 1440 1716 enim

78 1734 200 1774 fiunt.
264 1737 303 1774 et
340 1735 664 1789 providendum,
698 1750 781 1789 quo
821 1738 1030 1789 recipiunt
1071 1751 1129 1789 se,
1172 1750 1226 1776 110
1258 1735 1438 1789 frigidus

80 1793 197 1833 locus
244 1796 315 1834 sit:
361 1795 482 1848 algor
526 1798 637 1835 enim
683 1810 749 1835 eas
795 1797 836 1835 et
878 1796 1001 1835 famis
1045 1809 1275 1836 macescere
1313 1797 1438 1849 cogit.

11 1850 126 1892 16111
164 1853 374 1894 alimoniis
415 1856 706 1895 armenticium
746 1869 872 1908 pecus
911 1858 968 1895 sic
1001 1855 1296 1896 contuendum.
1357 1855 1439 1895 lac-

78 1913 216 1952 tantes
256 1926 350 1952 cum
387 1914 592 1954 matribus
625 1929 677 1954 ne
710 1914 879 1954 cubent:
919 1914 1170 1955 obteruntur
1202 1916 1324 1955 enim.
1387 1914 1438 1955 ad
1458 1932 1472 1956 3

198 2057 213 2082 1
242 2053 331 2093 quot
357 2063 385 2085 υ.
439 2054 537 2095 quod
568 2054 579 2096 11
612 2060 628 2085 5
657 2054 833 2087 descensu
859 2065 889 2088 v.
942 2054 1111 2087 discensu
1142 2055 1153 2098 ss
1183 2061 1201 2087 6
1227 2055 1292 2089 del.
1321 2056 1438 2102 Keilu

80 2103 106 2130 8>
125 2097 256 2141 inquid
279 2100 283 2142 1
307 2099 491 2133 aristolem
518 2100 764 2142 (Aristotelem
797 2102 837 2144 V,
864 2101 1049 2135 aristolem
1075 2112 1165 2136 corr.
1215 2103 1438 2137 aristotelem

80 2145 122 2179 in
148 2146 340 2190 archetypo
366 2148 481 2189 fuisse
509 2149 659 2192 videtur)
688 2150 699 2192 Η
728 2156 764 2182 10
790 2148 828 2182 111
855 2149 981 2182 decem
1007 2159 1119 2182 annos
1145 2149 1346 2184 Iuczmdus.
1397 2151 1438 2184 in

81 2192 207 2226 decem
234 2194 337 2226 annis
366 2194 415 2236 <in
444 2195 584 2229 decimo
612 2207 705 2229 anno
739 2196 787 2240 VJ>
808 2197 874 2240 1112
900 2207 922 2230 a
944 2196 1109 2239 delphini
1130 2199 1255 2230 exortu
1276 2197 1436 2232 Plini-ecs.

80 2250 103 2273 a
130 2240 273 2283 dulpini
301 2243 464 2274 eamortu
493 2243 503 2285 ΙΙ
532 2249 568 2275 13
595 2246 838 2286 conceperunt
863 2255 894 2278 υ.
946 2244 1181 2287 conciperunt
1199 2246 1210 2288 ΙΙ
1229 2251 1263 2277 17
1291 2247 1438 2279 taurum

81 2287 285 2322 Schneider.
327 2289 449 2321 statim
477 2289 556 2332 (del.
574 2290 724 2332 Schoell)
745 2294 755 2335 ΙΙ
775 2298 810 2324 21
831 2292 898 2325 del.
921 2291 1007 2326 Keil
1027 2292 1037 2335 ΙΙ
1057 2298 1094 2324 24
1117 2292 1380 2335 appellendum
1403 2304 1435 2328 v.

80 2335 346 2378 appellandum
365 2337 376 2380 Η
396 2343 434 2368 26
460 2338 525 2370 del.
553 2349 573 2372 v
593 2339 603 2381 ΙΙ
623 2344 661 2370 29
689 2339 739 2371 sic
765 2350 795 2373 v.
848 2339 893 2372 sit
911 2340 923 2383 ΙΙ

1462 743 1498 768 10

1461 1040 1496 1065 15

1460 1337 1497 1362 20

1459 1634 1494 1660 25
