1560 2506
316 71 482 106 RERVM
506 69 811 106 RVSTICARVM
834 70 918 104 LIB.
940 71 954 103 I
981 74 1118 105 39-40
1334 70 1389 111 51

50 172 158 210 sicco
197 171 238 210 et
273 183 411 210 macro
449 169 542 209 loco
581 170 622 208 et
659 168 860 222 argilloso
898 182 1072 209 vernum
1110 170 1274 221 tempus
1306 168 1392 209 ido-

47 243 190 282 neum,
240 242 323 282 quo
365 230 505 268 minus
549 226 676 268 habet
715 229 891 268 umoris:
934 229 980 268 in
1028 229 1139 267 terra
1186 226 1298 267 bona
1347 242 1393 268 ac

48 290 200 342 pingui
231 289 451 340 autumno,
484 286 596 340 quod
626 300 720 327 vere
751 287 910 327 multus
942 300 1080 339 umor,
1113 300 1239 340 quam
1271 288 1394 327 satio-

48 361 144 388 nem
175 345 343 401 quidam
368 348 600 387 metiuntur
624 345 708 386 fere
734 345 878 386 diebus
905 357 1012 389 XXX.
1061 348 1232 386 tertium
1260 359 1392 399 genus
1408 346 1435 385 4

14 421 29 447 5
51 408 231 459 seminis,
264 405 376 460 quod
408 420 457 446 ex
489 405 634 446 arbore
665 419 739 459 per
765 406 924 446 surclos
952 405 1135 445 defertur
1159 407 1202 446 in
1229 406 1393 457 terram,

51 468 86 506 si
121 467 166 506 in
202 464 378 505 humum
416 464 666 517 demittitur,
710 467 755 505 in
793 463 1043 518 quibusdam
1076 463 1204 518 [cum]
1244 466 1306 504 est
1336 466 1394 504 vi-

50 524 231 565 dendum
261 526 310 565 ut
341 538 388 565 eo
421 526 608 578 tempore
641 526 696 565 sit
722 523 1020 577 deplantatum,
1054 522 1200 578 quo[d]
1228 525 1395 576 oportet

50 581 110 638 (id
151 583 201 623 fit
242 585 350 636 tum,
395 585 618 637 antequam
661 597 870 637 gemmare
909 585 981 623 aut
1018 582 1164 624 florere
1203 582 1304 636 quid
1334 585 1394 623 in-

50 640 188 697 cipit);
232 645 272 683 et
316 657 421 696 quae
465 642 513 683 de
554 642 700 683 arbore
741 642 966 683 transferas
1008 645 1056 683 ut
1093 657 1140 683 ea
1180 642 1393 696 deplantes

0 716 31 742 ιο
48 704 190 755 potius
232 715 357 756 quam
395 702 624 756 defringas,
663 701 776 756 quod
811 703 980 756 plantae
1021 702 1159 743 solum
1191 701 1395 754 stabilius,

51 774 134 815 quo
183 761 309 802 latius
360 763 433 801 aut
474 761 631 803 radices
676 761 840 802 facilius
884 763 1027 802 mittit.
1108 775 1154 801 ea
1197 762 1395 813 celeriter,

49 822 273 874 antequam
305 835 427 862 sucus
461 822 680 873 exarescat,
711 823 757 861 in
787 823 941 862 terram
973 820 1210 861 demittunt.
1261 818 1395 873 [dum]

48 882 96 921 in
133 880 360 934 oleagineis
399 880 628 921 seminibus
668 879 870 934 [arbores]
908 879 1134 921 videndum
1171 882 1219 920 ut
1257 882 1311 920 sit
1348 879 1396 919 de

49 941 192 980 tenero
231 953 346 980 ramo
386 954 435 980 ex
473 942 650 994 utraque
687 942 805 993 parte
847 939 1121 993 aequabiliter
1150 942 1396 993 praecisum,

0 1013 30 1039 15
51 1013 152 1052 quas
186 999 258 1039 alii
290 999 488 1052 clavolas,
534 1000 606 1039 alii
643 1000 772 1039 taleas
806 1000 1022 1052 appellant
1053 1013 1099 1040 ac
1130 998 1291 1039 faciunt
1322 1000 1397 1038 cir-

50 1060 151 1099 citer
190 1057 368 1112 pedales.
442 1060 639 1112 quartum
681 1073 814 1113 genus
861 1060 1048 1111 seminis,
1090 1057 1203 1112 quod
1245 1056 1438 1098 transit-'5

50 1132 99 1158 ex
131 1117 277 1158 arbore
308 1120 353 1158 in
385 1118 527 1171 aliam,
564 1117 790 1158 videndum
822 1132 904 1172 qua
936 1132 985 1159 ex
1017 1117 1163 1159 arbore
1193 1119 1240 1158 in
1272 1131 1397 1171 quam

49 1177 326 1218 transferatur
363 1179 403 1217 et
441 1191 523 1231 quo
562 1180 749 1231 tempore
781 1179 822 1218 et
853 1191 977 1231 quem
1009 1176 1061 1217 ad
1091 1176 1263 1218 modum
1295 1176 1397 1217 obli-

50 1238 331 1290 ςοῒ111.11011
369 1239 481 1277 enim
517 1239 657 1290 pirum
694 1239 842 1290 recipit
883 1251 1076 1291 quercus:
1119 1250 1254 1290 neque
1287 1238 1397 1276 enim

0 1309 31 1335 20
51 1298 86 1337 si
122 1296 257 1337 malus
297 1298 449 1349 pirum.
510 1295 590 1337 hoc
628 1298 825 1337 secuntur
861 1296 1001 1349 multi,
1047 1298 1120 1350 qui
1156 1295 1396 1349 haruspices

50 1354 227 1396 audiunt
257 1355 456 1408 multum,
497 1369 521 1395 a
558 1355 709 1409 quibus
747 1354 979 1409 proditum,
1023 1357 1068 1395 in
1113 1355 1292 1409 singulis
1338 1369 1398 1395 ar-

50 1414 222 1456 boribus
263 1416 367 1468 quot
397 1428 551 1468 genera
581 1417 710 1455 insita
742 1417 843 1468 sint,
887 1429 972 1456 uno
1004 1416 1092 1455 ictu
1123 1417 1189 1455 tot
1219 1414 1399 1454 fulmina

49 1473 140 1515 fieri
176 1474 275 1514 illut
313 1473 425 1542 quod
461 1474 622 1515 fulmen
659 1448 860 1528 concepit.
923 1477 958 1515 si
994 1476 1041 1515 in
1071 1476 1211 1527 pirum
1244 1474 1399 1514 silvati-

51 1547 141 1573 cam
183 1535 407 1574 inserueris
444 1536 585 1602 pirum
623 1537 811 1588 quamvis
850 1533 1021 1586 bonam,
1063 1547 1152 1574 non
1188 1533 1276 1573 fore
1313 1535 1399 1573 tam

0 1605 31 1631 25
49 1592 290 1645 iucundam,
336 1606 461 1646 quam
500 1595 534 1633 si
571 1595 617 1633 in
654 1592 801 1646 ea<m>
839 1607 944 1647 quae
979 1593 1181 1633 silvestris
1213 1606 1301 1633 non
1333 1594 1398 1633 sit.

49 1654 96 1692 in
136 1665 441 1706 quamcumque
481 1652 671 1693 arborem
710 1655 887 1705 inseras,
933 1654 968 1693 si
1009 1651 1192 1692 eiusdem
1233 1651 1439 1706 generisss

52 1713 124 1764 est,
146 1710 374 1752 dumtaxat
398 1713 447 1752 ut
479 1713 534 1752 sit
559 1713 736 1766 utraque
761 1713 909 1765 malus,
941 1714 1001 1752 ita
1025 1714 1206 1752 inserere
1234 1713 1399 1764 oportet

50 1770 297 1811 referentem
328 1770 379 1810 ad
410 1770 605 1824 fructum,
643 1772 814 1812 meliore
846 1785 996 1825 genere
1028 1773 1076 1811 ut
1108 1773 1163 1811 sit
1195 1771 1399 1822 surculus,

52 1843 177 1884 quam
226 1831 289 1870 est
337 1843 420 1884 quo
470 1832 611 1871 Veniat
660 1830 794 1872 arbor.
869 1832 932 1871 est
975 1831 1105 1870 altera
1149 1831 1304 1883 species
1351 1844 1399 1870 ex

0 1902 33 1927 30
52 1888 198 1930 arbore
246 1891 292 1930 in
341 1888 531 1930 arborem
576 1889 787 1931 inserendi
835 1904 970 1943 nuper
1020 1889 1306 1930 animadversa
1354 1891 1400 1929 in

53 1947 270 1989 arboribus
319 1951 583 2003 propinquis.
666 1963 714 1990 ex
764 1948 927 2002 arbore,
983 1963 1066 2003 qua
1113 1949 1206 1989 vult
1248 1948 1399 1988 habere

54 2008 284 2062 surculum,
327 2010 373 2048 in
416 2022 507 2049 eam
550 2022 676 2062 quam
714 2011 895 2049 inserere
937 2009 1030 2049 vult
1071 2008 1282 2049 ramulum
1319 2010 1398 2047 tra-

170 2130 187 2157 1
225 2122 299 2157 sico
326 2123 433 2167 (sicco
460 2125 685 2169 apoyrapha)
705 2125 754 2168 116
793 2123 996 2158 demittitur
1027 2123 1230 2158 Iucundus.
1276 2122 1397 2156 dimit-

53 2169 141 2203 titur
168 2171 173 2215 1
201 2170 266 2205 del.
294 2170 380 2205 Keil
398 2172 410 2215 ΙΙ
430 2177 445 2204 7
473 2171 539 2206 del.
565 2182 586 2206 v
611 2173 623 2216 ΙΙ
646 2178 683 2205 12
715 2172 780 2206 dez.
808 2172 895 2206 Keil
913 2173 924 2216 ΙΙ
943 2178 980 2205 13
1005 2171 1071 2206 del.
1098 2171 1192 2206 Scal.
1218 2172 1230 2214 ΙΙ
1254 2176 1290 2204 15
1316 2170 1398 2204 aliis

54 2216 210 2251 clauolas
231 2217 308 2261 (alii
328 2218 485 2252 clauolas
506 2220 598 2261 Pol„
624 2219 688 2253 alii
709 2218 885 2253 sclauolas
905 2230 1030 2264 apogr.
1044 2222 1077 2253 et
1097 2219 1200 2261 Viet.)
1220 2219 1231 2262 ΙΙ
1250 2224 1285 2251 21
1305 2217 1397 2250 111111-

53 2265 131 2297 tum
163 2263 228 2299 del.
261 2265 416 2300 Ursinus
442 2267 454 2309 ΙΙ
481 2272 519 2299 22
545 2267 731 2320 011οᾶ1125
758 2266 958 2300 iucundam
983 2277 1003 2300 υ
1031 2271 1064 2301 et
1088 2266 1162 2301 cod.
1190 2265 1230 2300 F
1230 2265 1293 2300 lor
1342 2265 1396 2297 iu-

55 2312 213 2345 cundum
235 2314 239 2354 1
262 2312 346 2347 add.
372 2324 434 2348 mv
453 2314 464 2357 ΙΙ
484 2319 519 2346 27
547 2312 665 2348 maius
692 2313 821 2357 (malus
855 2314 902 2358 V)
923 2315 934 2358 Η

1140 2371 1184 2405 4*
