<?xml version="1.0" encoding="UTF-8"?>
<!DOCTYPE html PUBLIC "-//W3C//DTD XHTML 1.0 Transitional//EN"
    "http://www.w3.org/TR/xhtml1/DTD/xhtml1-transitional.dtd">
<html xmlns="http://www.w3.org/1999/xhtml" xml:lang="en" lang="en">
 <head>
  <title>
</title>
<meta http-equiv="Content-Type" content="text/html;charset=utf-8" />
  <meta name='ocr-system' content='tesseract 3.04.00' />
  <meta name='ocr-capabilities' content='ocr_page ocr_carea ocr_par ocr_line ocrx_word'/>
</head>
<body>
  <div class='ocr_page' id='page_1' title='image "./rerumrusticaruml00varruoft_0025.png"; bbox 0 0 1560 2506; ppageno 0'>
   <div class='ocr_carea' id='block_1_1' title="bbox 398 521 1140 569">
    <p class='ocr_par' dir='ltr' id='par_1_1' title="bbox 398 521 1140 569">
     <span class='ocr_line' id='line_1_1' title="bbox 398 521 1140 569; baseline 0 -1"><span class='ocrx_word' id='word_1_1' title='bbox 398 521 712 569; x_wconf 81' lang='lat' dir='ltr'><strong>OAPITVLA</strong></span> <span class='ocrx_word' id='word_1_2' title='bbox 749 521 922 568; x_wconf 88' lang='lat' dir='ltr'>LIBRI</span> <span class='ocrx_word' id='word_1_3' title='bbox 959 521 1140 568; x_wconf 84' lang='lat' dir='ltr'>PRIMI</span> 
     </span>
    </p>
   </div>
   <div class='ocr_carea' id='block_1_2' title="bbox 15 627 1445 2048">
    <p class='ocr_par' dir='ltr' id='par_1_2' title="bbox 15 627 1445 2048">
     <span class='ocr_line' id='line_1_2' title="bbox 97 627 1030 681; baseline -0.002 -12"><span class='ocrx_word' id='word_1_4' title='bbox 97 628 178 677; x_wconf 84' lang='lat' dir='ltr'>Qui</span> <span class='ocrx_word' id='word_1_5' title='bbox 210 627 356 669; x_wconf 82' lang='lat' dir='ltr'>Graeci</span> <span class='ocrx_word' id='word_1_6' title='bbox 388 627 436 668; x_wconf 87' lang='lat' dir='ltr'>de</span> <span class='ocrx_word' id='word_1_7' title='bbox 469 630 560 681; x_wconf 80' lang='lat' dir='ltr'>agri</span> <span class='ocrx_word' id='word_1_8' title='bbox 592 628 756 668; x_wconf 76' lang='lat' dir='ltr'>cultura</span> <span class='ocrx_word' id='word_1_9' title='bbox 788 630 1030 681; x_wconf 68' lang='lat' dir='ltr'>scripserint</span> 
     </span>
     <span class='ocr_line' id='line_1_3' title="bbox 97 687 1019 742; baseline -0.002 -14"><span class='ocrx_word' id='word_1_10' title='bbox 97 687 210 736; x_wconf 85' lang='lat' dir='ltr'>Quae</span> <span class='ocrx_word' id='word_1_11' title='bbox 243 687 498 742; x_wconf 82' lang='lat' dir='ltr'>diiungenda</span> <span class='ocrx_word' id='word_1_12' title='bbox 530 689 615 727; x_wconf 72' lang='lat' dir='ltr'>sint</span> <span class='ocrx_word' id='word_1_13' title='bbox 648 687 698 727; x_wconf 88' lang='lat' dir='ltr'>ab</span> <span class='ocrx_word' id='word_1_14' title='bbox 732 690 823 740; x_wconf 82' lang='lat' dir='ltr'>agri</span> <span class='ocrx_word' id='word_1_15' title='bbox 855 688 1019 727; x_wconf 76' lang='lat' dir='ltr'>cultura</span> 
     </span>
     <span class='ocr_line' id='line_1_4' title="bbox 95 746 723 800; baseline -0.003 -12"><span class='ocrx_word' id='word_1_16' title='bbox 95 746 241 788; x_wconf 65' lang='lat' dir='ltr'>Arfiem</span> <span class='ocrx_word' id='word_1_17' title='bbox 273 761 360 787; x_wconf 88' lang='lat' dir='ltr'>esse</span> <span class='ocrx_word' id='word_1_18' title='bbox 394 749 484 800; x_wconf 82' lang='lat' dir='ltr'>agri</span> <span class='ocrx_word' id='word_1_19' title='bbox 516 747 723 787; x_wconf 73' lang='lat' dir='ltr'>culturam</span> 
     </span>
     <span class='ocr_line' id='line_1_5' title="bbox 61 805 1176 860; baseline 0 -14"><span class='ocrx_word' id='word_1_20' title='bbox 61 819 76 846; x_wconf 83' lang='lat'><strong>5</strong></span> <span class='ocrx_word' id='word_1_21' title='bbox 95 805 202 860; x_wconf 85' lang='lat' dir='ltr'><strong>Agri</strong></span> <span class='ocrx_word' id='word_1_22' title='bbox 234 807 419 846; x_wconf 72' lang='lat' dir='ltr'>culturae</span> <span class='ocrx_word' id='word_1_23' title='bbox 453 805 565 860; x_wconf 90' lang='lat' dir='ltr'>quod</span> <span class='ocrx_word' id='word_1_24' title='bbox 597 808 651 846; x_wconf 74' lang='lat' dir='ltr'>sit</span> <span class='ocrx_word' id='word_1_25' title='bbox 682 808 852 846; x_wconf 73' lang='lat' dir='ltr'>initium</span> <span class='ocrx_word' id='word_1_26' title='bbox 884 808 924 846; x_wconf 71' lang='lat' dir='ltr'>et</span> <span class='ocrx_word' id='word_1_27' title='bbox 956 808 1048 859; x_wconf 88' lang='lat' dir='ltr'>quis</span> <span class='ocrx_word' id='word_1_28' title='bbox 1081 805 1176 846; x_wconf 81' lang='lat' dir='ltr'>finis</span> 
     </span>
     <span class='ocr_line' id='line_1_6' title="bbox 97 864 1273 919; baseline -0.001 -13"><span class='ocrx_word' id='word_1_29' title='bbox 97 865 209 914; x_wconf 74' lang='lat' dir='ltr'>Quot</span> <span class='ocrx_word' id='word_1_30' title='bbox 239 868 377 919; x_wconf 75' lang='lat' dir='ltr'>partes</span> <span class='ocrx_word' id='word_1_31' title='bbox 409 865 561 906; x_wconf 73' lang='lat' dir='ltr'>habeat</span> <span class='ocrx_word' id='word_1_32' title='bbox 593 864 872 918; x_wconf 76' lang='lat' dir='ltr'>disciplina[e]</span> <span class='ocrx_word' id='word_1_33' title='bbox 907 865 1149 919; x_wconf 74' lang='lat' dir='ltr'>cultura&lt;e&gt;</span> <span class='ocrx_word' id='word_1_34' title='bbox 1182 867 1273 919; x_wconf 83' lang='lat' dir='ltr'>agri</span> 
     </span>
     <span class='ocr_line' id='line_1_7' title="bbox 94 924 895 978; baseline -0.001 -13"><span class='ocrx_word' id='word_1_35' title='bbox 94 924 156 965; x_wconf 88' lang='lat' dir='ltr'>De</span> <span class='ocrx_word' id='word_1_36' title='bbox 190 926 279 966; x_wconf 89' lang='lat' dir='ltr'>solo</span> <span class='ocrx_word' id='word_1_37' title='bbox 312 925 432 965; x_wconf 81' lang='lat' dir='ltr'>fundi</span> <span class='ocrx_word' id='word_1_38' title='bbox 465 939 568 978; x_wconf 85' lang='lat' dir='ltr'>quae</span> <span class='ocrx_word' id='word_1_39' title='bbox 602 927 687 964; x_wconf 71' lang='lat' dir='ltr'>sint</span> <span class='ocrx_word' id='word_1_40' title='bbox 717 924 895 964; x_wconf 81' lang='lat' dir='ltr'>videnda</span> 
     </span>
     <span class='ocr_line' id='line_1_8' title="bbox 97 983 1444 1038; baseline -0.001 -14"><span class='ocrx_word' id='word_1_41' title='bbox 97 983 178 1033; x_wconf 84' lang='lat' dir='ltr'>Qui</span> <span class='ocrx_word' id='word_1_42' title='bbox 217 987 271 1025; x_wconf 76' lang='lat' dir='ltr'>sit</span> <span class='ocrx_word' id='word_1_43' title='bbox 310 998 408 1038; x_wconf 84' lang='lat' dir='ltr'>ager</span> <span class='ocrx_word' id='word_1_44' title='bbox 446 986 644 1038; x_wconf 69' lang='lat' dir='ltr'>optumus</span> <span class='ocrx_word' id='word_1_45' title='bbox 683 987 723 1024; x_wconf 74' lang='lat' dir='ltr'>et</span> <span class='ocrx_word' id='word_1_46' title='bbox 759 986 851 1038; x_wconf 88' lang='lat' dir='ltr'>quis</span> <span class='ocrx_word' id='word_1_47' title='bbox 886 984 936 1024; x_wconf 84' lang='lat' dir='ltr'>ab</span> <span class='ocrx_word' id='word_1_48' title='bbox 969 998 1016 1024; x_wconf 91' lang='lat' dir='ltr'>eo</span> <span class='ocrx_word' id='word_1_49' title='bbox 1049 986 1266 1037; x_wconf 84' lang='lat' dir='ltr'>proximus</span> <span class='ocrx_word' id='word_1_50' title='bbox 1300 986 1340 1024; x_wconf 75' lang='lat' dir='ltr'>et</span> <span class='ocrx_word' id='word_1_51' title='bbox 1373 986 1444 1037; x_wconf 89' lang='lat' dir='ltr'>qui</span> 
     </span>
     <span class='ocr_line' id='line_1_9' title="bbox 213 1043 405 1097; baseline 0 -13"><span class='ocrx_word' id='word_1_52' title='bbox 213 1043 405 1097; x_wconf 82' lang='lat' dir='ltr'>deinceps</span> 
     </span>
     <span class='ocr_line' id='line_1_10' title="bbox 45 1101 319 1144; baseline 0.007 -2"><span class='ocrx_word' id='word_1_53' title='bbox 45 1116 77 1142; x_wconf 89' lang='lat'>10</span> <span class='ocrx_word' id='word_1_54' title='bbox 95 1101 156 1143; x_wconf 87' lang='lat' dir='ltr'>De</span> <span class='ocrx_word' id='word_1_55' title='bbox 188 1105 319 1144; x_wconf 77' lang='lat' dir='ltr'>vineis</span> 
     </span>
     <span class='ocr_line' id='line_1_11' title="bbox 95 1161 553 1216; baseline 0.002 -14"><span class='ocrx_word' id='word_1_56' title='bbox 95 1161 156 1202; x_wconf 90' lang='lat' dir='ltr'>De</span> <span class='ocrx_word' id='word_1_57' title='bbox 187 1162 322 1203; x_wconf 83' lang='lat' dir='ltr'>modis</span> <span class='ocrx_word' id='word_1_58' title='bbox 356 1177 553 1216; x_wconf 86' lang='lat' dir='ltr'>agrorum</span> 
     </span>
     <span class='ocr_line' id='line_1_12' title="bbox 95 1220 1444 1275; baseline 0 -14"><span class='ocrx_word' id='word_1_59' title='bbox 95 1220 323 1262; x_wconf 59' lang='lat' dir='ltr'>Heredium</span> <span class='ocrx_word' id='word_1_60' title='bbox 364 1225 404 1262; x_wconf 73' lang='lat' dir='ltr'>et</span> <span class='ocrx_word' id='word_1_61' title='bbox 445 1224 632 1263; x_wconf 75' lang='lat' dir='ltr'>centuria</span> <span class='ocrx_word' id='word_1_62' title='bbox 673 1224 713 1262; x_wconf 72' lang='lat' dir='ltr'>et</span> <span class='ocrx_word' id='word_1_63' title='bbox 755 1223 885 1262; x_wconf 74' lang='lat' dir='ltr'>saltus</span> <span class='ocrx_word' id='word_1_64' title='bbox 928 1236 1054 1275; x_wconf 80' lang='lat' dir='ltr'>quare</span> <span class='ocrx_word' id='word_1_65' title='bbox 1096 1224 1181 1261; x_wconf 74' lang='lat' dir='ltr'>sint</span> <span class='ocrx_word' id='word_1_66' title='bbox 1221 1222 1285 1261; x_wconf 90' lang='lat' dir='ltr'>his</span> <span class='ocrx_word' id='word_1_67' title='bbox 1329 1235 1444 1261; x_wconf 83' lang='lat' dir='ltr'>voca-</span> 
     </span>
     <span class='ocr_line' id='line_1_13' title="bbox 212 1281 569 1335; baseline 0 -14"><span class='ocrx_word' id='word_1_68' title='bbox 212 1281 324 1321; x_wconf 85' lang='lat' dir='ltr'>bulis</span> <span class='ocrx_word' id='word_1_69' title='bbox 358 1282 569 1335; x_wconf 77' lang='lat' dir='ltr'>appellata</span> 
     </span>
     <span class='ocr_line' id='line_1_14' title="bbox 95 1338 290 1380; baseline 0 0"><span class='ocrx_word' id='word_1_70' title='bbox 95 1338 157 1380; x_wconf 91' lang='lat' dir='ltr'>De</span> <span class='ocrx_word' id='word_1_71' title='bbox 188 1341 290 1380; x_wconf 82' lang='lat' dir='ltr'>villa</span> 
     </span>
     <span class='ocr_line' id='line_1_15' title="bbox 45 1398 451 1453; baseline 0.005 -15"><span class='ocrx_word' id='word_1_72' title='bbox 45 1411 77 1438; x_wconf 82' lang='lat'>15</span> <span class='ocrx_word' id='word_1_73' title='bbox 95 1398 157 1439; x_wconf 91' lang='lat' dir='ltr'>De</span> <span class='ocrx_word' id='word_1_74' title='bbox 189 1414 298 1453; x_wconf 80' lang='lat' dir='ltr'>aqua</span> <span class='ocrx_word' id='word_1_75' title='bbox 327 1401 451 1440; x_wconf 81' lang='lat' dir='ltr'>Villae</span> 
     </span>
     <span class='ocr_line' id='line_1_16' title="bbox 96 1457 1359 1514; baseline 0 -15"><span class='ocrx_word' id='word_1_76' title='bbox 96 1457 158 1499; x_wconf 84' lang='lat' dir='ltr'>De</span> <span class='ocrx_word' id='word_1_77' title='bbox 189 1459 282 1500; x_wconf 86' lang='lat' dir='ltr'>loco</span> <span class='ocrx_word' id='word_1_78' title='bbox 315 1462 355 1500; x_wconf 77' lang='lat' dir='ltr'>et</span> <span class='ocrx_word' id='word_1_79' title='bbox 386 1462 431 1500; x_wconf 89' lang='lat' dir='ltr'>in</span> <span class='ocrx_word' id='word_1_80' title='bbox 463 1474 589 1513; x_wconf 82' lang='lat' dir='ltr'>quam</span> <span class='ocrx_word' id='word_1_81' title='bbox 619 1462 781 1514; x_wconf 78' lang='lat' dir='ltr'>partem</span> <span class='ocrx_word' id='word_1_82' title='bbox 814 1460 915 1500; x_wconf 81' lang='lat' dir='ltr'>caeli</span> <span class='ocrx_word' id='word_1_83' title='bbox 947 1461 1049 1500; x_wconf 78' lang='lat' dir='ltr'>villa</span> <span class='ocrx_word' id='word_1_84' title='bbox 1079 1459 1273 1513; x_wconf 82' lang='lat' dir='ltr'>ponenda</span> <span class='ocrx_word' id='word_1_85' title='bbox 1306 1461 1359 1499; x_wconf 77' lang='lat' dir='ltr'>sit</span> 
     </span>
     <span class='ocr_line' id='line_1_17' title="bbox 95 1516 834 1573; baseline 0.001 -15"><span class='ocrx_word' id='word_1_86' title='bbox 95 1516 158 1558; x_wconf 88' lang='lat' dir='ltr'>De</span> <span class='ocrx_word' id='word_1_87' title='bbox 188 1519 313 1559; x_wconf 81' lang='lat' dir='ltr'>villae</span> <span class='ocrx_word' id='word_1_88' title='bbox 345 1521 524 1572; x_wconf 72' lang='lat' dir='ltr'>rusticae</span> <span class='ocrx_word' id='word_1_89' title='bbox 557 1519 834 1573; x_wconf 74' lang='lat' dir='ltr'>descriptione</span> 
     </span>
     <span class='ocr_line' id='line_1_18' title="bbox 96 1575 1131 1632; baseline 0.001 -15"><span class='ocrx_word' id='word_1_90' title='bbox 96 1575 158 1617; x_wconf 91' lang='lat' dir='ltr'>De</span> <span class='ocrx_word' id='word_1_91' title='bbox 191 1580 344 1631; x_wconf 70' lang='lat' dir='ltr'>saeptis</span> <span class='ocrx_word' id='word_1_92' title='bbox 379 1593 483 1632; x_wconf 83' lang='lat' dir='ltr'>quae</span> <span class='ocrx_word' id='word_1_93' title='bbox 515 1578 636 1619; x_wconf 84' lang='lat' dir='ltr'>fundi</span> <span class='ocrx_word' id='word_1_94' title='bbox 668 1578 835 1619; x_wconf 74' lang='lat' dir='ltr'>tutandi</span> <span class='ocrx_word' id='word_1_95' title='bbox 868 1593 992 1618; x_wconf 80' lang='lat' dir='ltr'>causa</span> <span class='ocrx_word' id='word_1_96' title='bbox 1023 1578 1131 1618; x_wconf 73' lang='lat' dir='ltr'>fiunt</span> 
     </span>
     <span class='ocr_line' id='line_1_19' title="bbox 96 1635 541 1679; baseline 0.004 -2"><span class='ocrx_word' id='word_1_97' title='bbox 96 1635 158 1677; x_wconf 87' lang='lat' dir='ltr'>De</span> <span class='ocrx_word' id='word_1_98' title='bbox 189 1636 344 1678; x_wconf 80' lang='lat' dir='ltr'>finibus</span> <span class='ocrx_word' id='word_1_99' title='bbox 378 1637 541 1679; x_wconf 79' lang='lat' dir='ltr'>tuendis</span> 
     </span>
     <span class='ocr_line' id='line_1_20' title="bbox 46 1694 1445 1751; baseline 0.001 -15"><span class='ocrx_word' id='word_1_100' title='bbox 46 1707 79 1732; x_wconf 82' lang='lat'>20</span> <span class='ocrx_word' id='word_1_101' title='bbox 96 1694 158 1736; x_wconf 92' lang='lat' dir='ltr'>De</span> <span class='ocrx_word' id='word_1_102' title='bbox 179 1717 181 1719; x_wconf 96' lang='lat'>·</span> <span class='ocrx_word' id='word_1_103' title='bbox 201 1699 259 1737; x_wconf 86' lang='lat' dir='ltr'>eis</span> <span class='ocrx_word' id='word_1_104' title='bbox 305 1711 409 1751; x_wconf 84' lang='lat' dir='ltr'>quae</span> <span class='ocrx_word' id='word_1_105' title='bbox 454 1700 570 1738; x_wconf 77' lang='lat' dir='ltr'>extra</span> <span class='ocrx_word' id='word_1_106' title='bbox 618 1697 797 1738; x_wconf 83' lang='lat' dir='ltr'>fundum</span> <span class='ocrx_word' id='word_1_107' title='bbox 841 1697 1058 1738; x_wconf 79' lang='lat' dir='ltr'>commoda</span> <span class='ocrx_word' id='word_1_108' title='bbox 1106 1697 1214 1737; x_wconf 70' lang='lat' dir='ltr'>fiunt</span> <span class='ocrx_word' id='word_1_109' title='bbox 1265 1700 1336 1737; x_wconf 76' lang='lat' dir='ltr'>aut</span> <span class='ocrx_word' id='word_1_110' title='bbox 1385 1700 1445 1737; x_wconf 87' lang='lat' dir='ltr'>in-</span> 
     </span>
     <span class='ocr_line' id='line_1_21' title="bbox 216 1756 434 1797; baseline 0 -1"><span class='ocrx_word' id='word_1_111' title='bbox 216 1756 434 1797; x_wconf 83' lang='lat' dir='ltr'>connnoda</span> 
     </span>
     <span class='ocr_line' id='line_1_22' title="bbox 98 1812 771 1869; baseline 0.003 -15"><span class='ocrx_word' id='word_1_112' title='bbox 98 1812 205 1868; x_wconf 84' lang='lat' dir='ltr'>Agri</span> <span class='ocrx_word' id='word_1_113' title='bbox 237 1815 388 1869; x_wconf 87' lang='lat' dir='ltr'>quibus</span> <span class='ocrx_word' id='word_1_114' title='bbox 422 1816 544 1857; x_wconf 89' lang='lat' dir='ltr'>rebus</span> <span class='ocrx_word' id='word_1_115' title='bbox 579 1817 771 1857; x_wconf 78' lang='lat' dir='ltr'>colantur</span> 
     </span>
     <span class='ocr_line' id='line_1_23' title="bbox 97 1872 1445 1930; baseline 0.001 -17"><span class='ocrx_word' id='word_1_116' title='bbox 97 1872 159 1914; x_wconf 87' lang='lat' dir='ltr'>De</span> <span class='ocrx_word' id='word_1_117' title='bbox 183 1888 357 1915; x_wconf 85' lang='lat' dir='ltr'>numero</span> <span class='ocrx_word' id='word_1_118' title='bbox 383 1878 648 1928; x_wconf 72' lang='lat' dir='ltr'>rusticorum,</span> <span class='ocrx_word' id='word_1_119' title='bbox 676 1874 978 1930; x_wconf 72' lang='lat' dir='ltr'>quot[i]en&lt;i&gt;s</span> <span class='ocrx_word' id='word_1_120' title='bbox 1000 1878 1136 1929; x_wconf 87' lang='lat' dir='ltr'>operis</span> <span class='ocrx_word' id='word_1_121' title='bbox 1158 1878 1334 1929; x_wconf 87' lang='lat' dir='ltr'>quisque</span> <span class='ocrx_word' id='word_1_122' title='bbox 1356 1878 1445 1928; x_wconf 83' lang='lat' dir='ltr'>agri</span> 
     </span>
     <span class='ocr_line' id='line_1_24' title="bbox 214 1934 644 1989; baseline 0.005 -16"><span class='ocrx_word' id='word_1_123' title='bbox 214 1934 363 1974; x_wconf 89' lang='lat' dir='ltr'>modus</span> <span class='ocrx_word' id='word_1_124' title='bbox 397 1936 477 1975; x_wconf 83' lang='lat' dir='ltr'>coli</span> <span class='ocrx_word' id='word_1_125' title='bbox 509 1937 644 1989; x_wconf 74' lang='lat' dir='ltr'>possit</span> 
     </span>
     <span class='ocr_line' id='line_1_25' title="bbox 15 1990 1305 2048; baseline 0.003 -18"><span class='ocrx_word' id='word_1_126' title='bbox 15 2042 19 2045; x_wconf 26' lang='grc' dir='ltr'><em>ι</em></span> <span class='ocrx_word' id='word_1_127' title='bbox 48 2004 80 2030; x_wconf 80' lang='lat'>25</span> <span class='ocrx_word' id='word_1_128' title='bbox 100 1990 211 2040; x_wconf 74' lang='lat' dir='ltr'>Quot</span> <span class='ocrx_word' id='word_1_129' title='bbox 240 1995 352 2047; x_wconf 83' lang='lat' dir='ltr'>iugis</span> <span class='ocrx_word' id='word_1_130' title='bbox 385 1994 514 2035; x_wconf 87' lang='lat' dir='ltr'>boum</span> <span class='ocrx_word' id='word_1_131' title='bbox 546 1997 722 2048; x_wconf 86' lang='lat' dir='ltr'>quisque</span> <span class='ocrx_word' id='word_1_132' title='bbox 755 1997 845 2048; x_wconf 84' lang='lat' dir='ltr'>agri</span> <span class='ocrx_word' id='word_1_133' title='bbox 876 1993 1024 2035; x_wconf 89' lang='lat' dir='ltr'>modus</span> <span class='ocrx_word' id='word_1_134' title='bbox 1058 1994 1139 2034; x_wconf 85' lang='lat' dir='ltr'>coli</span> <span class='ocrx_word' id='word_1_135' title='bbox 1170 1997 1305 2047; x_wconf 73' lang='lat' dir='ltr'>possit</span> 
     </span>
    </p>
   </div>
   <div class='ocr_carea' id='block_1_3' title="bbox 99 2049 326 2093">
    <p class='ocr_par' dir='ltr' id='par_1_3' title="bbox 99 2049 326 2093">
     <span class='ocr_line' id='line_1_26' title="bbox 99 2049 326 2093; baseline 0.013 -3"><span class='ocrx_word' id='word_1_136' title='bbox 99 2049 160 2091; x_wconf 89' lang='lat' dir='ltr'>De</span> <span class='ocrx_word' id='word_1_137' title='bbox 189 2051 326 2093; x_wconf 88' lang='lat' dir='ltr'>bubus</span> 
     </span>
    </p>
   </div>
   <div class='ocr_carea' id='block_1_4' title="bbox 102 2123 382 2128">
    <p class='ocr_par' dir='ltr' id='par_1_4' title="bbox 102 2123 382 2128">
     <span class='ocr_line' id='line_1_27' title="bbox 102 2123 382 2128; baseline 0 0"><span class='ocrx_word' id='word_1_138' title='bbox 102 2123 382 2128; x_wconf 95' lang='lat' dir='ltr'> </span> 
     </span>
    </p>
   </div>
   <div class='ocr_carea' id='block_1_5' title="bbox 101 2156 1447 2344">
    <p class='ocr_par' dir='ltr' id='par_1_5' title="bbox 101 2156 1447 2344">
     <span class='ocr_line' id='line_1_28' title="bbox 216 2156 1444 2202; baseline 0.001 -13"><span class='ocrx_word' id='word_1_139' title='bbox 216 2163 233 2189; x_wconf 96' lang='lat'>1</span> <span class='ocrx_word' id='word_1_140' title='bbox 258 2156 429 2191; x_wconf 85' lang='lat' dir='ltr'>Varronis</span> <span class='ocrx_word' id='word_1_141' title='bbox 455 2157 591 2191; x_wconf 86' lang='lat' dir='ltr'>Rerum</span> <span class='ocrx_word' id='word_1_142' title='bbox 623 2158 855 2192; x_wconf 77' lang='lat' dir='ltr'>Rusticarum</span> <span class='ocrx_word' id='word_1_143' title='bbox 888 2158 932 2191; x_wconf 90' lang='lat' dir='ltr'>de</span> <span class='ocrx_word' id='word_1_144' title='bbox 964 2157 1188 2202; x_wconf 79' lang='lat' dir='ltr'>agricultura</span> <span class='ocrx_word' id='word_1_145' title='bbox 1218 2157 1311 2190; x_wconf 86' lang='lat' dir='ltr'>liber</span> <span class='ocrx_word' id='word_1_146' title='bbox 1342 2157 1357 2190; x_wconf 95' lang='grc' dir='ltr'>Ι</span> <span class='ocrx_word' id='word_1_147' title='bbox 1391 2156 1444 2190; x_wconf 88' lang='lat' dir='ltr'>in-</span> 
     </span>
     <span class='ocr_line' id='line_1_29' title="bbox 102 2201 1445 2250; baseline 0.001 -14"><span class='ocrx_word' id='word_1_148' title='bbox 102 2201 191 2246; x_wconf 81' lang='lat' dir='ltr'>cipit</span> <span class='ocrx_word' id='word_1_149' title='bbox 214 2203 378 2238; x_wconf 78' lang='lat' dir='ltr'>feliciter.</span> <span class='ocrx_word' id='word_1_150' title='bbox 430 2203 500 2246; x_wconf 83' lang='lat' dir='ltr'>Qui</span> <span class='ocrx_word' id='word_1_151' title='bbox 525 2205 646 2249; x_wconf 76' lang='lat' dir='ltr'>graeci</span> <span class='ocrx_word' id='word_1_152' title='bbox 666 2207 677 2250; x_wconf 82' lang='grc' dir='ltr'>ΙΙ</span> <span class='ocrx_word' id='word_1_153' title='bbox 697 2212 715 2239; x_wconf 77' lang='grc'><strong>6</strong></span> <span class='ocrx_word' id='word_1_154' title='bbox 742 2204 846 2246; x_wconf 82' lang='lat' dir='ltr'>Quod</span> <span class='ocrx_word' id='word_1_155' title='bbox 869 2207 873 2248; x_wconf 75' lang='grc' dir='ltr'>Ι</span> <span class='ocrx_word' id='word_1_156' title='bbox 896 2205 961 2240; x_wconf 83' lang='lat' dir='ltr'>del.</span> <span class='ocrx_word' id='word_1_157' title='bbox 989 2209 1021 2240; x_wconf 70' lang='lat' dir='ltr'>et</span> <span class='ocrx_word' id='word_1_158' title='bbox 1047 2205 1131 2239; x_wconf 83' lang='lat' dir='ltr'><em>add.</em></span> <span class='ocrx_word' id='word_1_159' title='bbox 1154 2204 1246 2239; x_wconf 83' lang='lat' dir='ltr'>Scal.</span> <span class='ocrx_word' id='word_1_160' title='bbox 1268 2206 1279 2249; x_wconf 87' lang='grc' dir='ltr'>ΙΙ</span> <span class='ocrx_word' id='word_1_161' title='bbox 1299 2211 1335 2238; x_wconf 83' lang='lat'>18</span> <span class='ocrx_word' id='word_1_162' title='bbox 1354 2204 1445 2237; x_wconf 83' lang='lat' dir='ltr'>fiunt</span> 
     </span>
     <span class='ocr_line' id='line_1_30' title="bbox 102 2249 1447 2298; baseline 0.001 -16"><span class='ocrx_word' id='word_1_163' title='bbox 102 2249 202 2294; x_wconf 77' lang='lat' dir='ltr'>(fiant</span> <span class='ocrx_word' id='word_1_164' title='bbox 227 2252 319 2294; x_wconf 85' lang='lat' dir='ltr'><em>Pol.,</em></span> <span class='ocrx_word' id='word_1_165' title='bbox 344 2251 436 2286; x_wconf 78' lang='lat' dir='ltr'>fiunt</span> <span class='ocrx_word' id='word_1_166' title='bbox 461 2263 585 2298; x_wconf 69' lang='lat' dir='ltr'>apoyr.</span> <span class='ocrx_word' id='word_1_167' title='bbox 612 2257 644 2287; x_wconf 82' lang='lat' dir='ltr'>et</span> <span class='ocrx_word' id='word_1_168' title='bbox 677 2254 779 2293; x_wconf 66' lang='lat' dir='ltr'>Viet.)</span> <span class='ocrx_word' id='word_1_169' title='bbox 805 2254 816 2296; x_wconf 83' lang='grc' dir='ltr'>Η</span> <span class='ocrx_word' id='word_1_170' title='bbox 842 2259 880 2286; x_wconf 76' lang='lat'>20</span> <span class='ocrx_word' id='word_1_171' title='bbox 905 2252 997 2286; x_wconf 83' lang='lat' dir='ltr'>fiunt.</span> <span class='ocrx_word' id='word_1_172' title='bbox 1024 2252 1124 2295; x_wconf 82' lang='lat' dir='ltr'>(fiant</span> <span class='ocrx_word' id='word_1_173' title='bbox 1158 2252 1203 2286; x_wconf 48' lang='lat' dir='ltr'>Vt</span> <span class='ocrx_word' id='word_1_174' title='bbox 1226 2253 1236 2295; x_wconf 91' lang='grc' dir='ltr'>ΙΙ</span> <span class='ocrx_word' id='word_1_175' title='bbox 1257 2258 1294 2284; x_wconf 74' lang='lat'>‘23</span> <span class='ocrx_word' id='word_1_176' title='bbox 1322 2252 1387 2286; x_wconf 82' lang='lat' dir='ltr'>del.</span> <span class='ocrx_word' id='word_1_177' title='bbox 1414 2255 1447 2285; x_wconf 81' lang='lat' dir='ltr'>et</span> 
     </span>
     <span class='ocr_line' id='line_1_31' title="bbox 101 2297 546 2344; baseline 0.004 -13"><span class='ocrx_word' id='word_1_178' title='bbox 101 2297 184 2331; x_wconf 84' lang='lat' dir='ltr'><em>add.</em></span> <span class='ocrx_word' id='word_1_179' title='bbox 213 2298 298 2332; x_wconf 71' lang='lat' dir='ltr'>Keil</span> <span class='ocrx_word' id='word_1_180' title='bbox 316 2300 328 2343; x_wconf 78' lang='grc' dir='ltr'>ΙΙ</span> <span class='ocrx_word' id='word_1_181' title='bbox 347 2305 385 2332; x_wconf 80' lang='lat'>25</span> <span class='ocrx_word' id='word_1_182' title='bbox 412 2298 516 2341; x_wconf 86' lang='lat' dir='ltr'>Quod</span> <span class='ocrx_word' id='word_1_183' title='bbox 535 2302 546 2344; x_wconf 75' lang='grc' dir='ltr'>Η</span> 
     </span>
    </p>
   </div>
   <div class='ocr_carea' id='block_1_6' title="bbox 1192 2358 1233 2391">
    <p class='ocr_par' dir='ltr' id='par_1_6' title="bbox 1192 2358 1233 2391">
     <span class='ocr_line' id='line_1_32' title="bbox 1192 2358 1233 2391; baseline 0 -17"><span class='ocrx_word' id='word_1_184' title='bbox 1192 2358 1233 2391; x_wconf 71' lang='grc'>1*</span> 
     </span>
    </p>
   </div>
  </div>
 </body>
</html>
