1560 2407
564 488 924 535 PRAEFATIO

191 596 398 634 Editionis
442 596 628 644 minoris,
674 608 752 646 qua
801 596 842 633 H
856 608 877 634 e
891 609 918 633 n
932 596 978 633 ri
994 608 1014 633 c
1028 609 1054 633 u
1068 609 1086 634 s
1136 596 1175 634 Κ
1191 609 1211 634 e
1226 597 1239 634 i
1254 597 1267 634 1
1317 609 1423 635 anno

72 654 483 694 MDCCCLXXXIX
508 655 703 693 Varronis
735 667 873 693 rerum
903 655 1149 693 rusticarum
1180 656 1308 694 libros
1333 668 1425 705 per-

72 718 335 765 purgaverat,
362 715 611 764 exemplaria
634 727 724 752 cum
745 714 959 753 divendita
978 718 1117 752 essent
1136 717 1180 752 et
1197 715 1425 765 bibliopola

72 774 386 812 honestissimus
419 786 557 812 curam
587 773 802 812 iterandae
834 774 1085 812 recensionis
1118 786 1141 811 a
1172 787 1236 812 me
1271 775 1424 824 suscipi

70 833 287 882 voluisset,
324 845 457 884 neque
489 833 567 871 viri
599 833 831 883 gravissimi
863 845 1038 883 quocum
1071 836 1114 871 et
1145 834 1349 871 amicitiae
1381 838 1425 871 et

71 893 241 942 pietatis
274 893 437 931 vinculo
466 893 708 930 coniunctus
739 892 798 929 fui
824 893 1046 930 memoriae
1073 905 1205 942 neque
1233 892 1423 931 officinae

69 951 369 989 illustrissimae
401 955 671 1001 patronorum
703 952 909 989 voluntati
940 964 1074 989 meam
1106 964 1274 1001 operam
1301 951 1423 990 dene-

70 1010 249 1060 gandam
275 1023 363 1049 esse
390 1013 504 1049 ratus
531 1010 723 1061 quicquid
755 1010 841 1048 vidi
867 1011 917 1048 ab
945 1011 1033 1049 aliis
1059 1011 1228 1048 allatum
1256 1023 1345 1049 esse
1370 1010 1423 1048 ad

71 1069 348 1108 emendandos
375 1070 450 1108 hos
475 1070 603 1108 libros
631 1070 837 1120 colligere,
869 1070 997 1108 verba
1021 1071 1234 1120 scriptoris
1260 1071 1423 1108 intenta

71 1141 168 1167 cura
193 1130 438 1177 examinare,
465 1132 709 1179 apparatum
730 1129 917 1167 criticum
936 1132 1163 1167 retractare
1185 1130 1313 1179 coepi.
1358 1129 1421 1167 De

69 1188 261 1226 subsidiis
289 1189 441 1226 criticis
469 1189 615 1239 quibus
634 1189 793 1226 Keilius
814 1201 910 1226 usus
931 1192 996 1226 est
1015 1192 1058 1226 et
1081 1188 1131 1226 de
1155 1189 1315 1227 ratione
1343 1201 1422 1238 qua

68 1247 286 1297 pristinam
319 1249 564 1298 scripturam
592 1247 744 1286 codicis
777 1246 992 1298 archetypi
1029 1249 1264 1298 recuperari
1298 1260 1421 1298 posse

70 1307 230 1345 censuit
262 1319 353 1345 cum
384 1319 505 1345 nemo
532 1310 629 1357 post
654 1307 767 1345 illum
794 1306 1050 1345 dubitaverit
1074 1320 1207 1357 neque
1233 1308 1322 1357 ipse
1350 1320 1421 1345 cur

69 1365 301 1404 dubitarem
333 1366 545 1414 haberem,
585 1366 738 1404 diserte
777 1367 1081 1416 praemonitum
1112 1367 1242 1414 volui,
1280 1378 1346 1404 me
1377 1367 1419 1404 in

69 1425 128 1463 eis
154 1426 407 1475 acquievisse
440 1438 544 1476 quae
575 1426 644 1463 ille
672 1425 863 1475 diligenti
889 1438 1017 1476 opera
1048 1429 1091 1463 et
1123 1426 1292 1463 consilio
1326 1438 1420 1476 pru-

69 1483 184 1522 denti
204 1485 448 1535 composuit,
473 1486 552 1523 nisi
585 1484 694 1535 quod
713 1485 958 1534 bipertitum
979 1497 1100 1535 quem
1121 1485 1310 1522 voluerat
1329 1497 1419 1522 esse

69 1546 312 1593 apparatum
343 1544 385 1581 in
419 1544 594 1582 formam
628 1545 759 1594 magis
795 1544 1023 1594 simplicem
1055 1556 1251 1582 revocare
1282 1544 1418 1581 malui.

66 1602 284 1651 Nonnulla,
311 1615 414 1653 quae
439 1604 572 1642 minus
599 1606 711 1641 recte
731 1604 773 1640 in
794 1607 996 1653 apparatu
1017 1603 1201 1641 exhibita
1221 1606 1350 1651 erant,
1377 1604 1419 1641 in

68 1663 362 1700 commentario
409 1663 566 1713 aliquot
601 1664 716 1700 annis
754 1666 851 1712 post
890 1662 1002 1700 edito
1042 1662 1195 1700 dudum
1233 1666 1421 1700 correcta

66 1722 179 1759 sunt:
202 1721 274 1759 has
296 1723 574 1760 correctiones
592 1726 635 1760 et
655 1722 752 1760 alias
774 1721 969 1772 quasdam
991 1734 1040 1760 ex
1060 1723 1214 1760 maiore
1235 1721 1418 1759 editione

66 1780 220 1830 petitas
239 1781 282 1818 in
303 1785 546 1831 apparatum
565 1781 759 1819 transtuli
778 1793 854 1819 nec
875 1782 1092 1831 quicquam
1110 1784 1327 1831 praeterea
1351 1780 1418 1818 ad-

65 1840 219 1877 notavi.
257 1840 488 1890 Archetypi
513 1841 738 1890 scripturas
764 1841 1003 1890 plerumque
1030 1841 1244 1878 sanissimo
1264 1839 1417 1878 iudicio

19 1910 21 1912 ·
65 1898 147 1936 iam
164 1898 323 1937 Keilius
343 1899 658 1950 redintegravit,
680 1911 801 1950 quem
819 1900 880 1937 ita
899 1904 1064 1938 secutus
1085 1912 1186 1947 sum,
1212 1902 1260 1937 ut
1278 1899 1418 1949 potius

65 1958 354 2007 perspicuitati
380 1971 501 2009 quam
525 1959 724 1997 brevitati
749 1959 1016 1997 consulerem.
1054 1959 1102 1996 In
1127 1959 1250 1997 rebus
1277 1958 1417 1996 ortho-

66 2017 274 2067 graphicis
301 2018 516 2068 archetypi
542 2019 788 2068 scripturam
809 2017 930 2066 edidi,
956 2019 998 2055 in
1020 2030 1099 2068 qua
1118 2031 1163 2056 re
1182 2019 1418 2056 inconstan-

65 2075 149 2114 tiae
181 2076 334 2115 crimen
366 2078 532 2115 minime
563 2076 805 2127 fugiendum
838 2089 926 2115 esse
963 2078 1205 2115 existimavi.
1255 2076 1417 2114 Admisi

65 2130 195 2184 igitur
218 2137 390 2180 maioris,
418 2138 589 2181 minoris,
607 2138 903 2183 praemzctz‘ionis
930 2141 972 2174 et
997 2137 1156 2184 similia,
1188 2148 1321 2186 neque
1348 2135 1417 2173 ad-

65 2193 354 2233 similationem
381 2208 502 2246 quam
529 2196 671 2233 dicunt
697 2196 861 2233 restitui
880 2196 959 2233 nisi
978 2196 1049 2234 ubi
1068 2197 1110 2233 in
1130 2196 1246 2233 libris
1264 2195 1415 2232 inveni.

65 2273 122 2278 —
142 2252 397 2292 Testimonia
421 2255 572 2293 iterum
593 2255 864 2293 adscribenda
883 2267 933 2293 ex
954 2255 1136 2293 editione
1156 2255 1312 2292 maiore
1331 2266 1415 2291 non

1155 2320 1200 2354 a*
