1555 2527
85 73 140 111 415
637 72 876 106 VARRONIS

84 172 129 210 in
172 170 348 210 farracia
391 172 529 224 segete
574 172 653 210 seri
699 173 854 223 coepta.
936 184 982 211 eo
1028 173 1122 224 equi
1167 174 1208 211 et
1247 173 1434 212 iumenta

85 231 219 269 cetera
256 244 382 269 verno
421 232 607 283 tempore
645 232 881 283 purgantur
919 244 964 270 ac
1007 232 1265 283 saginantur.
1327 233 1435 271 vicia

85 288 194 329 dicta
226 303 249 328 a
280 288 511 342 vinciendo,
554 289 666 342 quod
696 291 797 329 item
830 290 1043 343 capreolos
1076 289 1211 342 habet,
1245 293 1291 330 ut
1323 292 1432 342 vitis,

85 348 254 401 quibus,
300 363 394 389 cum
433 362 577 388 susum
618 362 760 388 versus
803 351 947 402 serpit,
993 348 1043 388 ad
1085 363 1255 402 scapum
1296 349 1433 403 lupini

84 408 264 448 aliumve
308 422 431 461 quem
472 410 519 448 ut
558 407 742 460 haereat,
786 407 829 448 id
867 409 974 448 solet
1011 411 1177 449 vincire.
1241 411 1276 448 si
1313 411 1434 462 prata

83 469 253 521 inrigua
293 466 484 520 habebis,
530 467 705 507 simulac
745 467 912 507 faenum
958 468 1194 520 sustuleris,
1238 470 1433 522 inrigare.

83 529 128 566 in
168 541 310 580 poma,
356 540 460 580 quae
501 529 630 566 insita
662 529 800 579 erunt,
846 526 1104 567 siccitatibus
1147 541 1297 581 aquam
1339 526 1434 567 addi

85 586 235 626 cotidie
267 585 496 639 <vesperi>.
530 600 553 625 a
585 599 680 638 quo,
738 585 850 639 quod
881 585 1130 639 indige<n>t
1162 589 1278 640 potu,
1309 601 1435 640 poma

84 644 152 699 [L]
186 645 297 686 dicta
328 659 416 685 esse
441 648 632 699 possunt.

0 713 107 748 LXXII
206 704 363 753 Quarto
408 705 630 745 intervallo
672 707 782 744 inter
832 705 1058 744 solstitium
1113 707 1153 745 et
1202 706 1434 746 caniculam

83 765 271 818 plerique
303 778 480 804 messem
512 764 682 815 faciunt,
716 763 828 817 quod
859 764 1116 804 frumentum
1146 764 1290 805 dicunt
1315 767 1434 818 quin-

84 824 216 864 decim
248 823 392 864 diebus
426 837 513 864 esse
544 826 590 863 in
621 825 803 877 vaginis,
843 823 1079 876 quindecim
1111 822 1274 877 florere,
1316 826 1435 877 quin-

85 883 216 924 decim
250 897 495 935 exarescere,
529 897 623 923 cum
655 885 710 923 sit
740 884 964 923 maturum.
1021 885 1228 924 arationes
1261 883 1434 937 absolvi,

84 957 189 996 quae
223 957 269 984 eo
302 943 602 983 fructuosiores
630 942 755 995 fiunt,
798 956 880 996 quo
923 941 1103 983 caldiore
1135 944 1245 983 terra
1276 946 1434 984 aratur:

85 1005 119 1043 si
152 1002 418 1056 proscideris,
452 1002 623 1055 offringi
656 1004 838 1055 oportet,
870 1001 913 1042 id
946 1004 1008 1041 est
1038 1004 1205 1055 iterare,
1246 1005 1294 1042 ut
1324 1002 1434 1042 fran-

82 1064 238 1116 gantur
275 1061 459 1116 glaebae.
521 1064 657 1115 prima
689 1063 800 1101 enim
834 1063 1021 1102 aratione
1052 1061 1230 1115 grandes
1262 1061 1435 1116 glaebae

42 1121 132 1162 :Zex
164 1124 274 1162 terra
307 1121 566 1162 scinduntur.
629 1120 849 1161 serendum
885 1123 1052 1173 viciam,
1096 1121 1268 1174 lentem,
1313 1123 1434 1162 cicer-

84 1182 237 1234 culam,
277 1182 450 1221 ervilam
482 1183 714 1234 ceteraque,
755 1194 860 1234 quae
892 1181 964 1220 alii
996 1181 1227 1234 legumina,
1266 1181 1355 1233 alii,
1387 1183 1435 1221 ut

85 1240 292 1281 Gallicani
332 1240 518 1294 quidam,
563 1241 744 1294 legarica
785 1240 1016 1293 appellant,
1061 1242 1237 1294 utraque
1270 1240 1381 1281 dicta
1412 1254 1436 1281 a

82 1300 272 1354 legendo,
311 1300 424 1354 quod
456 1314 503 1340 ea
532 1314 620 1340 non
653 1301 856 1352 secantur,
896 1299 966 1340 sed
997 1299 1190 1340 vellendo
1223 1300 1434 1354 leguntur.

83 1363 224 1401 vineas
257 1362 414 1400 veteres
447 1362 599 1400 iterum
632 1373 791 1411 occare,
832 1359 1020 1399 novellas
1054 1361 1179 1400 etiam
1210 1361 1353 1413 tertio,
1399 1361 1435 1400 si

84 1422 182 1461 sunt
214 1422 339 1460 etiam
371 1422 462 1460 tum
493 1418 676 1473 glaebae.

0 1488 109 1522 XXIII
206 1478 363 1527 Quinto
396 1479 618 1519 intervallo
650 1480 761 1518 inter
793 1479 1025 1518 caniculam
1057 1480 1098 1518 et
1123 1479 1435 1532 aequinoctium

85 1539 326 1579 autumnale
367 1541 534 1592 oportet
571 1540 800 1579 stramenta
837 1538 1017 1578 desecari
1055 1539 1096 1578 et
1133 1551 1300 1578 acervos
1339 1551 1434 1578 con-

85 1601 221 1651 stitui,
263 1597 437 1652 arat[r]a
469 1597 658 1652 offringi,
702 1597 893 1638 frondem
933 1597 1063 1650 caedi,
1104 1599 1226 1650 prata
1264 1599 1435 1650 inrigua

82 1661 236 1698 iterum
269 1660 408 1699 secari.

0 1726 108 1762 XXIV
206 1716 331 1758 Sexto
377 1717 601 1757 intervallo
653 1715 703 1757 ab
751 1718 1015 1771 aequinoctio
1057 1716 1292 1756 autumnali
1333 1716 1435 1756 inci-

84 1791 180 1831 pere
232 1777 422 1817 scribunt
469 1779 661 1830 oportere
706 1789 838 1816 serere
882 1789 1014 1829 usque
1059 1775 1110 1815 ad
1155 1775 1263 1815 diem
1305 1789 1435 1815 nona-

84 1839 321 1891 gensimum
357 1851 524 1890 unum,
550 1838 648 1890 post
684 1835 893 1887 brumam,
937 1837 1020 1875 nisi
1059 1848 1164 1888 quae
1203 1836 1436 1875 necessaria

85 1910 209 1937 causa
247 1898 446 1950 coegerit,
488 1910 576 1936 non
614 1909 764 1949 serere,
809 1894 921 1949 quod
958 1897 1124 1935 tantum
1163 1895 1347 1947 intersit,
1387 1895 1436 1934 ut

203 2090 219 2117 1
246 2083 328 2127 seri]
356 2083 433 2117 fieri
460 2084 613 2127 Ke1'lu2
646 2082 859 2127 saginantur
896 2082 971 2117 cod.
998 2082 1121 2116 Paris.
1180 2082 1399 2125 sagenantur
1422 2080 1434 2126 ξ,

85 2135 105 2165 4
133 2143 258 2165 susum
283 2141 410 2164 uersus
437 2134 576 2174 (susum
606 2142 754 2164 uersum
775 2130 852 2165 Pol.
873 2134 906 2165 et
924 2130 998 2164 cod.
1014 2130 1130 2171 Flor.,
1156 2140 1281 2162 susum
1306 2139 1433 2162 uersus

83 2180 225 2223 reliqua
255 2179 482 2225 apoyrapha)
508 2180 519 2222 Η
544 2186 561 2211 5
595 2178 731 2211 vincire
756 2189 829 2212 mv.
879 2177 1025 2211 uincere
1044 2179 1055 2221 ΙΙ
1075 2183 1093 2209 8
1117 2176 1203 2211 add.
1229 2186 1274 2210 ex
1298 2175 1395 2210 Non.
1425 2176 1430 2221 Ι

84 2227 189 2271 potui
222 2227 319 2261 Non.
363 2229 374 2271 ΙΙ
410 2233 444 2259 11
471 2226 596 2259 dicunt
627 2237 657 2260 v.
695 2225 817 2259 dicant
859 2226 871 2269 ss
907 2231 944 2258 18
969 2223 1111 2258 absolui
1153 2223 1309 2267 (adsolui
1341 2222 1433 2266 Pol„

85 2274 228 2308 absolui
255 2274 342 2309 libri
367 2285 481 2308 manu
511 2274 639 2317 scripti
664 2274 795 2317 omnes)
821 2274 833 2316 Η
858 2279 893 2306 14
919 2274 1042 2307 aratur
1065 2283 1096 2306 v.
1135 2272 1254 2305 arator
1272 2272 1284 2316 ΙΙ
1302 2277 1340 2304 25
1365 2270 1433 2306 dez.

86 2323 160 2357 cod.
183 2323 271 2357 Par.
293 2323 303 2366 ΙΙ
323 2329 361 2355 25
387 2320 691 2365 nonagensimum
719 2320 1011 2364 (nonagesimum
1033 2320 1171 2364 apoyr.)
1191 2320 1202 2363 ΙΙ

1455 721 1488 747 10

1454 1018 1487 1044 15

1454 1316 1488 1342 20

1454 1613 1487 1639 25

1454 1909 1488 1934 30
