1560 2407
138 61 187 97 VI
679 62 947 98 PRAEFATIO

138 165 286 213 quarto
321 162 479 201 decimo
516 163 680 201 saeculo
707 164 885 214 scriptos
912 164 1049 203 habet.
1101 165 1179 203 hoc
1206 165 1303 203 olim
1329 168 1498 216 praeter

137 221 392 260 Marcianum
419 221 603 260 codicem
623 223 854 261 Politianus
882 228 925 261 et
944 224 1152 262 Victorius
1174 225 1237 263 usi
1256 228 1363 263 sunt.
1401 237 1497 263 nam

78 284 183 323 Vlet
201 281 431 320 Politianus
451 282 494 319 in
514 282 768 332 marginibus
791 282 973 321 eiusdem
994 283 1200 331 editionis,
1227 284 1269 322 in
1290 296 1369 335 qua
1388 284 1497 322 Mar-

138 341 245 378 ciani
277 341 431 379 codicis
463 341 663 380 lectiones
696 341 985 390 adnotaverat,
1013 346 1159 392 postea
1185 343 1305 382 huius
1332 355 1496 395 quoque

137 400 382 450 scripturas,
415 400 488 438 sed
513 401 647 439 minus
673 405 865 439 accurate
893 405 1108 451 excerptas
1136 405 1179 440 et
1205 402 1329 441 rubro
1357 403 1496 442 colore

137 460 189 497 ab
215 460 296 498 illis
323 459 540 498 distinctas
567 459 799 510 adscripsit,
828 464 870 498 et
889 461 1110 509 Victorius,
1138 462 1207 511 qui
1228 473 1321 499 eum
1341 474 1391 500 ex
1409 462 1496 501 Me-

137 518 254 557 dicea
286 519 540 557 bibliotheca
573 532 595 557 a
626 532 671 557 se
698 519 990 569 depromptum
1017 532 1105 559 esse
1132 520 1294 568 scribit,
1332 522 1495 572 saepius

138 579 225 616 eius
257 579 513 617 mentionem
543 579 645 617 fecit
674 582 717 617 et
742 582 916 629 propter
941 579 1116 617 formam
1142 580 1376 618 litterarum
1402 592 1496 619 eum

137 637 386 688 gallicanum
421 638 487 675 vel
519 639 678 688 gallicis
710 639 862 676 litteris
889 639 1089 688 scriptum
1115 639 1181 677 vel
1207 639 1496 678 semiveterem

137 697 275 735 dicere
318 698 544 735 consuevit.
600 701 767 748 praeter
798 698 873 735 hos
906 698 1033 736 libros
1067 698 1262 736 collatum
1293 698 1497 737 habebam

136 756 309 795 tertium
334 757 724 795 Laurentianum
758 759 824 805 51,
855 760 874 794 1
910 758 975 795 vel
1007 758 1149 807 primis
1182 758 1315 808 quinti
1347 757 1497 797 decimi

136 816 203 854 vel
229 817 425 854 extremis
452 817 589 866 quarti
615 816 765 854 decimi
790 817 944 855 saeculi
969 817 1085 855 annis
1118 817 1329 867 scriptum,
1362 830 1495 868 quem,

135 878 184 913 ut
218 888 240 913 a
275 876 444 926 reliquis
480 875 796 925 distinguerem,
831 876 1117 914 Florentinum
1153 876 1247 914 dixi.
1308 877 1496 916 continet

135 937 276 973 autem
303 934 474 972 Catonis
501 938 545 973 et
563 935 761 973 Varronis
787 936 926 973 libros.
971 936 1204 974 recentiore
1223 948 1347 974 manu
1365 936 1494 975 multa

135 994 178 1032 in
205 1006 254 1032 eo
282 997 469 1032 correcta
489 998 597 1042 sunt,
624 1008 798 1046 quorum
818 1008 912 1045 pars
934 1007 984 1033 ex
1002 995 1204 1044 Mediceo,
1230 1008 1351 1046 quem
1370 995 1493 1034 modo

137 1053 233 1102 dixi,
260 1053 507 1104 deprompta
534 1057 608 1092 est.

255 1113 323 1150 Ad
355 1113 686 1164 cognoscendam
717 1117 856 1152 autem
887 1114 1135 1164 scripturam
1167 1113 1319 1152 codicis
1355 1114 1495 1152 arche·
1549 1151 1552 1154 ,

136 1172 244 1222 typi,
284 1185 406 1223 quem
440 1176 537 1223 post
562 1173 794 1211 Victoriam
828 1186 948 1211 nemo
985 1173 1107 1220 vidit,
1147 1185 1239 1210 cum
1273 1173 1495 1223 plurimum

135 1231 245 1269 haud
284 1232 407 1270 dubie
446 1232 713 1271 tribuendum
751 1233 806 1270 sit
844 1233 1050 1283 excerptis
1086 1232 1300 1280 Politia-ni,
1346 1233 1415 1284 qui
1451 1233 1494 1270 in

136 1291 384 1330 excutiendo
425 1292 567 1331 codice
604 1293 760 1330 maiore
799 1292 1033 1342 diligentia,
1073 1304 1194 1342 quam
1232 1292 1330 1330 olim
1367 1292 1493 1342 vulgo

134 1350 227 1389 fieri
252 1351 426 1399 solebat,
458 1364 554 1390 usus
582 1355 657 1400 est,
690 1355 829 1390 tamen
856 1364 902 1390 ea
929 1364 1004 1401 per
1030 1364 1073 1389 se
1100 1351 1187 1389 sola
1213 1350 1266 1388 ad
1291 1363 1381 1389 eam
1406 1364 1495 1390 rem

134 1423 218 1448 non
244 1410 519 1452 sufficiebant.
565 1423 699 1461 neque
727 1412 835 1449 enim
862 1411 1044 1449 dubitari
1063 1413 1217 1460 potest,
1244 1411 1342 1461 quin
1364 1411 1496 1449 multa

135 1470 187 1507 ab
215 1482 263 1508 eo
291 1471 458 1519 omissa,
498 1471 699 1521 quaedam
724 1483 823 1509 vero
852 1471 977 1509 etiam
1002 1482 1148 1521 parum
1173 1473 1364 1508 accurate
1389 1469 1495 1508 indi-

136 1532 228 1567 cata
253 1530 349 1578 sint,
374 1530 417 1567 in
444 1531 591 1580 quibus
619 1531 870 1580 apographa,
896 1531 939 1567 in
964 1530 1107 1580 primis
1126 1529 1336 1567 Parisinus
1363 1528 1495 1568 codex

136 1591 180 1627 et
204 1589 508 1628 Laurentianus
536 1591 603 1637 51,
631 1592 655 1627 4
693 1585 807 1642 (nam
833 1590 1085 1640 reliquorum
1110 1589 1245 1626 minor
1268 1588 1371 1627 fides
1398 1584 1494 1641 est),

134 1649 289 1686 rectius
310 1652 495 1687 veterem
515 1649 764 1699 scripturam
784 1651 1064 1687 servaverunt.
1097 1648 1177 1686 huc
1195 1647 1358 1686 accedit
1375 1648 1494 1687 testi-

134 1709 319 1746 monium
343 1708 536 1756 Victorii,
571 1710 640 1759 qui
667 1709 1008 1747 dissentientibus
1035 1720 1058 1745 a
1083 1707 1292 1746 Politiano
1319 1719 1494 1758 apogra-

134 1767 227 1817 phis
255 1780 302 1805 ea
329 1780 432 1818 quae
458 1769 500 1806 in
520 1781 644 1806 manu
662 1769 829 1819 scriptis
850 1768 964 1806 libris
985 1779 1093 1805 nunc
1112 1767 1310 1817 leguntur
1328 1767 1492 1817 saepius

134 1826 382 1865 lectionibus
411 1840 460 1865 ex
480 1830 622 1866 vetere
644 1828 786 1866 codice
813 1828 992 1877 receptis
1013 1826 1240 1865 confirmat.
1279 1825 1343 1864 his
1362 1826 1494 1876 igitur

134 1887 373 1924 auctoribus
399 1880 609 1935 adhibitis,
636 1900 728 1925 cum
753 1888 873 1925 facile
899 1889 1132 1937 appareret,
1159 1884 1258 1936 quid
1277 1886 1408 1924 errori
1426 1885 1494 1924 vel

133 1945 332 1983 Politiani
368 1947 435 1984 vel
472 1946 734 1985 librariorum
771 1946 1036 1984 tribuendum
1081 1948 1207 1993 esset,
1251 1944 1492 1996 plerumque

136 2007 251 2043 certo
273 2006 474 2044 constitui
493 2009 672 2056 poterat,
693 2006 791 2057 quid
810 2007 852 2043 in
873 2006 1099 2056 archetypo
1120 2004 1320 2054 scriptum
1332 2004 1492 2042 fuisset.

133 2065 340 2102 nonnullis
372 2068 512 2103 tamen
544 2066 645 2104 locis
679 2078 726 2104 ea
762 2065 1040 2115 discrepantia
1065 2064 1161 2102 inde
1187 2062 1353 2101 videtur
1377 2075 1492 2114 repc-

134 2123 261 2161 tenda
294 2136 401 2171 esse,
438 2124 565 2174 quod,
601 2137 693 2163 cum
724 2126 856 2175 prima
882 2125 1086 2174 scriptura
1111 2124 1154 2161 in
1180 2125 1322 2160 vetere
1349 2121 1491 2162 codice

135 2186 322 2221 correcta
349 2187 477 2231 esset,
515 2184 585 2222 alii
617 2185 798 2234 priorem
823 2185 1070 2234 scripturam
1096 2182 1229 2221 secuti
1255 2185 1390 2229 erant,
1421 2182 1492 2220 alii

134 2242 421 2292 posteriorem.
465 2243 606 2293 itaque
631 2245 675 2281 in
699 2244 918 2282 indicanda
944 2244 1148 2293 scriptura
1173 2240 1390 2291 archetypi
1415 2241 1493 2280 hac

134 2301 296 2340 ratione
322 2314 418 2340 usus
445 2314 546 2350 sum,
572 2306 620 2340 ut
646 2315 749 2353 quae
777 2303 1025 2354 comparatis
1050 2303 1162 2340 inter
1179 2312 1224 2339 se
1243 2299 1492 2339 lectionibus
