1560 2506
312 77 480 113 RERVM
503 76 809 113 RVSTICARVM
834 76 918 112 LIB.
939 75 986 111 111
1015 79 1151 111 14—16
1324 76 1405 118 143

59 175 224 216 drantes
257 178 361 217 coici
390 178 567 229 possint,
606 177 645 215 et
678 178 736 215 sic
767 178 812 215 in
844 176 935 215 aliis
969 175 1210 228 regionibus
1244 175 1407 215 eaedem

57 237 167 275 inter
208 249 250 275 se
291 235 465 276 collatae
504 237 687 275 minores
732 248 778 274 ac
818 237 1009 277 maioreS.
1070 234 1147 274 hae
1187 236 1232 274 in
1273 234 1474 276 fetura5r

57 296 228 348 pariunt
258 293 591 335 innumerabilia.
642 308 783 334 earum
816 307 955 334 semen
985 295 1198 333 minutum
1229 307 1275 334 ac
1301 295 1407 333 testa

57 354 178 394 molli
215 353 490 394 diuturnitate
528 353 776 394 obdurescit.
846 355 1010 406 magnis
1043 353 1193 393 insulis
1226 355 1271 392 in
1303 355 1406 393 areis

22 429 37 455 5
58 413 178 453 factis
229 427 430 467 magnum
478 412 623 453 bolum
674 412 865 452 deferimt
914 414 1032 452 aeris.
1110 412 1184 451 has
1242 426 1408 465 quoque

59 475 251 526 saginare
292 472 428 513 solent
468 474 544 525 ita,
588 474 636 511 ut
673 472 801 512 ollam
839 485 934 511 cum
965 471 1241 511 foraminibus
1273 474 1408 511 incru-

59 533 171 572 stent
203 545 303 585 sapa
334 533 374 571 et
404 531 517 584 farri,
549 531 621 571 ubi
653 533 890 584 pascantur,
923 529 1083 584 qua<e>
1108 530 1315 571 foramina
1339 530 1408 570 ha-

57 591 165 644 beat,
197 593 245 630 ut
274 592 431 631 intrare
464 605 532 630 aer
562 593 715 644 possit:
748 593 869 631 vivax
902 593 1013 630 enim
1045 589 1145 629 haec
1176 592 1337 630 natura.

177 648 405 690 Glirarium
446 652 584 690 autem
626 649 820 690 dissimili
857 652 1018 690 ratione
1060 649 1253 702 habetur,
1298 648 1410 703 quod
1423 660 1488 694 XV

5 726 39 752 10
57 723 145 750 non
177 723 300 763 aqua,
333 709 404 750 sed
434 712 612 750 maceria
643 710 758 750 locus
794 712 994 762 saepitur:
1038 710 1129 749 tota
1159 708 1241 748 levi
1272 708 1409 762 lapide

58 770 130 809 aut
169 770 345 810 tectorio
386 771 636 810 intrinsecus
677 771 951 821 incrustatur,
994 782 1047 808 ne
1089 782 1136 808 ex
1170 782 1215 808 ea
1247 782 1410 821 erepere

57 830 204 881 possit.
282 831 328 869 in
372 842 418 869 eo
463 828 704 869 arbusculas
749 843 836 869 esse
887 829 1069 882 oportet,
1120 841 1225 881 quae
1274 827 1411 867 ferant

58 887 265 941 glandem.
339 901 443 941 quae
488 902 581 928 cum
624 888 809 928 fructum
847 901 935 928 non
976 888 1132 939 ferunt,
1176 889 1288 927 intra
1327 901 1410 926 ma-

59 949 209 988 ceriem
257 949 388 987 iacere
438 949 604 1001 oportet
653 947 849 1001 glandem
899 950 939 987 et
993 949 1244 999 castaneam,
1301 946 1410 986 unde

7 1023 40 1049 15
61 1008 192 1046 saturi
234 1006 349 1047 fiant.
411 1007 543 1047 facere
584 1009 635 1047 iis
678 1005 853 1060 c[l]avos
893 1008 1059 1060 oportet
1096 1006 1293 1059 laxiores,
1337 1005 1450 1048 ubi?

58 1066 199 1119 pullos
243 1080 387 1119 parere
426 1068 610 1120 possint·
655 1080 805 1120 aquam
847 1080 934 1106 esse
978 1068 1163 1119 tenuem,
1209 1065 1321 1119 quod
1365 1079 1411 1105 ea

58 1139 145 1165 non
181 1126 360 1165 utuntur
396 1126 579 1165 multum
617 1128 657 1165 et
689 1125 852 1166 aridum
883 1126 1023 1166 locum
1056 1127 1272 1179 quaerunt.
1334 1124 1410 1164 hae

49 1176 308 1238 saginantur
337 1187 383 1225 in
415 1185 550 1238 doliis,
583 1198 687 1238 quae
720 1187 845 1226 etiam
876 1188 921 1226 in
952 1185 1064 1225 villis
1094 1184 1250 1225 habent
1275 1184 1410 1237 multi,

60 1257 164 1297 quae
204 1243 328 1297 figuli
367 1244 528 1284 faciunt
568 1245 703 1285 multo
745 1245 866 1285 aliter
907 1246 1031 1298 atque
1069 1244 1168 1297 alia,
1213 1243 1326 1297 quod
1366 1246 1411 1283 in

7 1319 41 1345 20
60 1302 260 1343 lateribus
299 1317 443 1344 eorum
481 1305 648 1344 semitas
687 1304 848 1345 faciimt
886 1307 926 1344 et
959 1318 1121 1356 cavum,
1167 1303 1239 1343 ubi
1272 1303 1411 1344 cibum

61 1364 332 1404 constituant.
384 1365 429 1403 in
460 1362 539 1404 hoc
572 1363 731 1404 dolium
764 1363 922 1404 addunt
953 1363 1150 1417 glandem
1183 1365 1254 1403 aut
1285 1376 1410 1403 nuces

59 1421 278 1475 iuglandes
325 1424 397 1462 aut
440 1424 687 1464 castaneam.
764 1422 916 1476 quibus
962 1426 1008 1463 in
1051 1422 1233 1463 tenebris
1284 1422 1314 1475 †
1346 1436 1412 1462 cu-

60 1481 256 1521 mularim
286 1484 474 1535 positum
506 1484 568 1522 est
599 1485 644 1522 in
676 1482 818 1535 doleis,
850 1482 959 1523 fiunt
989 1485 1181 1536 pingues.

179 1539 362 1594 Appius,
412 1540 549 1595 Igitur
598 1542 869 1595 relinquitur,
919 1543 1075 1595 inquit,
1126 1541 1174 1582 de
1219 1543 1412 1595 pastione
1426 1551 1507 1587 XVI

8 1617 42 1643 25
61 1599 247 1643 villatica
284 1602 432 1641 tertius
472 1602 587 1641 actus
627 1600 675 1641 de
712 1604 897 1654 piscinis.
966 1601 1076 1650 Quid
1114 1600 1289 1641 tertius?
1351 1603 1412 1640 in-

62 1661 154 1712 quit
185 1657 331 1701 Axius.
394 1674 447 1700 an
485 1662 583 1713 quia
614 1662 661 1700 tu
695 1661 843 1700 solitus
878 1675 918 1701 es
950 1664 996 1701 in
1028 1660 1310 1701 adulescentia
1340 1662 1414 1700 tua

63 1718 176 1759 domi
218 1719 403 1759 mulsum
445 1733 533 1760 non
573 1719 714 1760 bibere
756 1723 930 1774 propter
972 1723 1291 1774 parsimoniam,
1334 1733 1411 1760 nos

61 1777 144 1818 mel
174 1779 467 1832 neclegemus‘?
530 1777 695 1832 Appius
727 1779 868 1833 nobis,
909 1779 1067 1821 Verum
1105 1778 1221 1833 dicit,
1261 1781 1411 1832 inquit.

61 1851 160 1877 nam
210 1851 304 1877 cum
351 1852 512 1892 pauper
561 1852 655 1878 cum
706 1838 868 1888 duobus
919 1839 1119 1880 fratribus
1165 1841 1206 1879 et
1252 1838 1452 1879 duabus2

9 1913 44 1940 30
63 1896 276 1937 sororibus
322 1911 453 1938 essem
496 1898 683 1952 relictus,
734 1911 911 1952 quarum
955 1899 1129 1940 alteram
1179 1901 1267 1939 sine
1319 1898 1413 1938 dote

179 2043 196 2069 1
223 2037 372 2071 eaedem
398 2037 600 2072 Iucundus.
651 2038 789 2072 eisdem
808 2040 819 2083 ΙΙ
838 2045 856 2071 5
883 2038 975 2072 aeris
1001 2050 1068 2074 om.
1095 2050 1115 2073 v
1139 2040 1151 2083 ΙΙ
1178 2045 1192 2071 7
1218 2041 1414 2082 pascantm

64 2094 158 2127 quae
182 2096 214 2119 v.
264 2086 463 2128 pascuntur
488 2095 562 2128 qua
591 2087 603 2129 ΙΙ
630 2092 663 2118 11
689 2097 755 2119 nec
781 2096 824 2119 ex
850 2097 893 2120 ea
918 2086 1009 2130 Pol„
1044 2097 1090 2120 ne
1115 2096 1159 2120 ex
1185 2096 1228 2120 ea
1253 2097 1374 2130 apoyr.

63 2137 98 2164 12
122 2130 240 2166 ferant
265 2132 466 2166 Iucundus
515 2132 637 2166 ferunt
666 2134 677 2177 ΙΙ
708 2139 744 2166 15
770 2133 826 2166 his
860 2134 918 2178 (iis
945 2134 1157 2179 apographa
1183 2134 1409 2178 wonnulla)'

64 2178 130 2213 del.
156 2189 177 2212 v
207 2179 219 2223 ΙΙ
248 2185 286 2212 16
312 2190 389 2213 0330
413 2181 562 2214 tenuem
592 2191 716 2225 apoyr.
744 2184 776 2216 et
807 2180 914 2223 Viet„
950 2192 1027 2215 esse
1053 2181 1098 2214 iis
1125 2183 1272 2215 tenuem
1298 2180 1376 2215 Pol.

63 2231 100 2258 19
125 2225 246 2269 adque
264 2227 275 2271 ΙΙ
295 2233 332 2260 22
347 2238 400 2270 sq.
427 2238 510 2261 cum
536 2227 744 2271 operculum
773 2228 987 2271 impositum
1008 2229 1094 2263 Keil
1118 2228 1207 2263 duce
1232 2227 1413 2272 Scaliyero

66 2272 181 2316 (aular
204 2272 431 2319 impositum)
451 2276 463 2318 ΙΙ
482 2281 519 2308 24
545 2274 677 2318 inquid
695 2276 707 2319 11
726 2281 764 2308 26
790 2275 1034 2310 adolescentia
1060 2275 1319 2319 (adulescentia
1337 2274 1412 2309 cod.

65 2320 168 2365 Par.)
188 2321 200 2365 Ἱ
219 2326 256 2353 28
281 2321 510 2365 negligemus
538 2321 736 2357 Iucundus.
764 2322 987 2366 neclegimus
1007 2325 1018 2367 Η
