1560 2506
338 74 506 108 RERVM
530 73 834 108 RVSTICARVM
859 73 943 107 LIB.
964 73 978 106 Ι
1005 76 1142 107 55—58
1358 73 1411 114 61

184 170 360 226 Agrius,
409 170 672 223 Iamdudum,
722 173 878 223 inquit,
927 173 973 210 in
1004 171 1106 210 villa
1138 169 1282 210 sedens
1314 184 1378 210 ex·
1391 179 1469 214 LVI

67 229 245 284 [s]pecto
279 245 374 271 cum
405 231 511 270 clavi
542 232 594 282 te,
628 228 758 282 Stolo,
792 229 891 269 dum
922 229 1082 269 fructus
1115 231 1160 269 in
1185 229 1330 269 villam
1355 230 1414 269 re-

66 290 185 330 feras.
228 289 340 342 1110,
377 288 458 329 Em
490 291 593 342 quin
625 289 787 341 adsum,
819 291 959 341 venio,
991 290 1147 341 inquit,
1193 287 1243 328 ad
1274 289 1413 340 limen,

66 349 175 389 fores
208 351 332 402 aperi.
393 351 578 402 primum
615 348 852 389 faenisiciae
886 347 1123 389 conduntur
1153 348 1303 387 melius
1338 347 1414 387 sub

30 419 45 445 5
65 410 175 449 tecto
219 421 345 461 quam
387 410 434 448 in
477 410 650 460 acervis,
696 407 808 461 quod
845 409 904 447 ita
942 406 990 446 fit
1028 406 1251 446 iucundius
1287 406 1416 459 pabu-

65 468 165 508 lum.
233 481 281 508 ex
323 481 369 507 eo
411 467 691 520 intellegitur,
737 466 849 520 quod
889 481 1014 520 pecus
1057 468 1235 519 utroque
1275 468 1414 518 posito

65 526 264 567 libentius
299 528 371 566 est.
428 524 502 579 [et]
536 528 725 566 triticum
758 525 881 566 condi
913 527 1079 579 oportet
1110 528 1155 565 in
1186 527 1381 578 granaria
1394 533 1487 568 LVII

68 585 280 638 sublimia,
327 599 431 638 quae
469 584 699 638 perflentur
736 587 860 625 vento
900 585 951 624 ab
985 587 1131 625 exortu
1164 599 1210 624 ac
1243 586 1418 637 septem-

65 647 252 685 trionum
283 647 465 698 regione,
502 644 552 684 ad
585 658 689 698 quae
720 645 840 684 nulla
871 659 971 684 aura-
1004 642 1211 697 [h]umida
1244 658 1291 684 ex
1323 657 1417 697 pro-

12 717 46 742 10
65 706 235 757 pinquis
274 704 377 744 locis
421 703 615 756 adspiret.
691 706 869 757 parietes
913 706 953 743 et
995 704 1132 743 solum
1173 717 1295 756 opere
1336 706 1417 743 tec-

64 765 173 804 torio
205 765 460 803 marmorato
494 763 714 816 loricandi3
757 765 792 803 si
823 765 981 815 minus,
1023 777 1071 802 ex
1107 763 1258 816 argilla
1289 761 1460 802 mixta?

65 837 179 863 acere
219 837 239 862 e
279 822 491 863 frumento
525 824 565 862 et
597 837 781 874 amurca,
827 822 939 876 quod
971 836 1132 861 murem
1165 823 1205 862 et
1235 836 1418 862 vermem

63 896 152 922 non
194 884 354 935 patitur
393 896 479 922 0880
522 884 561 921 01
601 896 733 935 grana
771 881 871 922 facit
913 881 1112 922 solidiora
1144 895 1189 921 ac
1221 881 1417 922 firmiora.

66 940 236 994 quidam
278 943 419 994 ipsum
462 943 651 981 triticum
696 943 1000 995 conspargunt,
1045 955 1139 980 011111
1179 940 1332 980 addant
1374 943 1418 980 in

13 1013 46 1038 15
67 1002 231 1040 circiter
261 1001 378 1040 mille
409 1000 598 1041 modium
631 1000 881 1053 quadrantal
913 1014 1114 1040 amurcae.
1176 1002 1279 1040 item
1311 1001 1417 1039 alius

65 1060 171 1100 aliut
202 1059 355 1100 adfriat
387 1062 459 1099 aut
491 1062 696 1114 aspargit,
730 1062 778 1099 ut
812 1058 1094 1100 Chalcidicam
1127 1062 1198 1099 aut
1231 1058 1419 1100 Caricam

66 1121 221 1160 cretam
259 1121 331 1159 aut
364 1118 642 1172 absinthium,
684 1122 786 1159 item
817 1119 942 1159 huius
976 1121 1141 1172 generis
1175 1119 1267 1159 alia.
1331 1121 1419 1172 qui-

66 1178 162 1218 dam
192 1180 388 1232 granaria
419 1177 575 1218 habent
608 1178 685 1219 sub
718 1181 838 1218 terris
873 1179 1104 1232 speluncas,
1139 1192 1240 1231 quas
1268 1180 1419 1218 vocant

67 1240 187 1291 sirus,
207 1240 255 1278 ut
273 1239 320 1278 in
340 1235 604 1291 Cappadocia
625 1252 669 1278 ac
688 1236 948 1290 Thrac[h]ia3
971 1238 1052 1290 alii,
1074 1240 1121 1277 ut
1141 1240 1187 1277 in
1207 1252 1307 1291 agro
1324 1235 1419 1278 Car-

13 1311 47 1336 20
66 1297 324 1351 thaginiensi
351 1299 390 1337 et
416 1295 589 1337 Oscensi
616 1296 697 1350 [ut]
725 1300 769 1337 in
795 1296 1004 1350 Hispania
1031 1299 1230 1349 citeriore,
1258 1299 1419 1350 puteos.

64 1356 217 1397 horum
249 1356 386 1396 solum
417 1357 548 1409 paleis
583 1356 858 1396 substernunt
885 1359 924 1396 et
951 1359 1098 1396 curant
1123 1370 1175 1396 ne
1201 1370 1323 1397 umor
1349 1358 1421 1395 aut

67 1430 135 1456 aer
165 1417 337 1469 tangere
368 1418 522 1468 possit,
559 1418 643 1456 nisi
685 1430 779 1456 cum
810 1418 1019 1469 promitur
1057 1415 1108 1455 ad
1139 1430 1273 1456 usum.
1337 1429 1419 1468 quo

67 1477 179 1515 enim
222 1476 394 1528 spiritus
439 1489 527 1515 non
570 1477 777 1528 pervenit,
822 1474 881 1515 ibi
924 1489 1012 1516 non
1050 1477 1184 1515 oritur
1223 1475 1419 1515 curculio.

67 1537 125 1575 sic
158 1533 373 1574 conditum
404 1536 592 1574 triticum
622 1537 763 1574 manet
794 1535 861 1574 vel
893 1548 1024 1574 annos
1052 1533 1096 1587 L,
1128 1534 1294 1575 milium
1322 1548 1419 1574 vero

32 1608 46 1634 5
66 1594 162 1647 plus
196 1607 327 1634 annos
361 1591 404 1633 C.
468 1608 595 1646 supra
627 1596 782 1634 terram
813 1596 1009 1647 granaria
1039 1596 1084 1633 in
1117 1607 1217 1647 agro
1252 1592 1461 1647 quidam3

68 1651 265 1693 sublimia
295 1652 466 1705 faciunt,
499 1655 546 1692 ut
577 1655 622 1693 in
653 1652 862 1706 Hispania
894 1655 1083 1693 citeriore
1117 1655 1156 1692 01
1186 1655 1232 1692 111
1264 1651 1422 1706 Apulia

68 1711 249 1765 quidam,
282 1725 386 1765 quae
417 1726 505 1752 non
538 1713 675 1752 solum
709 1727 732 1752 a
763 1712 964 1752 lateribus
997 1727 1071 1765 per
1102 1712 1316 1764 fenestras,
1351 1711 1421 1752 sed

68 1773 194 1811 etiam
226 1770 373 1811 subtus
407 1785 430 1810 a
462 1771 551 1812 solo
584 1774 733 1811 ventus
767 1771 1067 1825 re<fri>gerare
1093 1773 1239 1825 possit.
1290 1771 1386 1811 faba
1399 1779 1509 1814 LVIII

67 1829 164 1882 <01>
195 1831 410 1884 legumina
440 1833 485 1870 in
518 1831 683 1871 oleariis
716 1833 826 1871 vasis
860 1831 992 1871 oblita
1024 1833 1159 1871 cinere
1188 1830 1335 1884 perdiu
1361 1833 1422 1871 in-

15 1904 49 1931 30
69 1890 250 1930 columia
281 1891 510 1930 servantur.

187 1947 290 1990 Cato
306 1946 369 2003 (7)
391 1951 450 1989 ait
463 1963 587 1989 uvam
607 1951 843 2002 aminneam
862 1949 1143 1990 minusculam
1163 1951 1203 1989 et
1222 1951 1422 1989 maiorem

189 2083 203 2109 7
231 2078 266 2110 01
291 2087 356 2111 om.
383 2077 424 2111 in
449 2076 568 2111 codice
587 2076 708 2112 Paris.
729 2078 740 2121 ΙΙ
760 2083 792 2110 11
814 2088 866 2120 sq.
886 2077 1115 2111 Ioricandum
1135 2077 1222 2111 Keil
1244 2077 1249 2121 Ι
1270 2076 1422 2110 mixtam

69 2133 171 2157 acere
215 2124 433 2159 Priscianus
470 2129 573 2168 (corr.
618 2125 729 2169 Keil).
799 2125 912 2158 mixto
964 2135 1072 2168 agere
1113 2126 1125 2168 11
1168 2130 1204 2157 14
1255 2134 1422 2167 conspar-

70 2172 163 2214 gunt
195 2182 239 2205 m.
285 2173 527 2215 conspargant
558 2173 569 2215 ΙΙ
599 2178 635 2205 15
675 2172 891 2214 quadrantal
929 2171 1132 2208 Iucunda&
1193 2171 1394 2214 quadrante
1413 2171 1425 2216 ᾗ]

71 2224 105 2250 17
123 2219 256 2251 cretam
271 2220 334 2252 aut
348 2219 496 2262 (cretam
509 2230 551 2253 ac
565 2219 613 2264 V)
637 2220 642 2263 Ι
664 2219 896 2253 absenthium
915 2220 926 2262 ΙΙ
945 2226 981 2252 18
996 2219 1062 2252 sub
1077 2221 1172 2252 terra
1185 2218 1272 2253 Keil
1290 2220 1301 2262 ΙΙ
1320 2225 1356 2251 1⁹
1372 2219 1425 2252 ita

75 2266 203 2299 traieci
222 2267 275 2309 (ut
297 2266 362 2300 del.
377 2266 489 2310 Keil).
507 2266 625 2300 3111111
643 2266 681 2299 in
700 2266 871 2309 hispania
887 2266 1052 2300 citeriore
1071 2268 1200 2310 puteos
1219 2268 1261 2299 ut
1279 2266 1317 2298 in
1337 2275 1424 2308 agro

72 2312 355 2356 carthaginiensi
379 2315 414 2346 et
427 2313 567 2347 oscensi
585 2314 597 2357 ΙΙ
617 2319 655 2346 28
667 2314 786 2357 suppl.
799 2314 990 2349 Schneider
1009 2315 1020 2357 ΙΙ
1040 2320 1077 2346 :29
1091 2313 1176 2348 add.
1188 2324 1208 2346 ι·
1222 2324 1265 2347 ea:
1276 2313 1417 2356 Plinio}
