1560 2506
24 735 57 761 10

24 1031 55 1057 15

21 1329 55 1354 20

24 1624 56 1650 25

23 1922 57 1948 30

418 88 585 124 RERVM
609 87 915 123 RVSTICARVM
939 88 1023 122 Lffi.
1045 89 1059 121 I
1080 92 1099 122 2
1149 58 1152 60 *
1378 90 1427 130 ]1

78 190 118 229 et
150 188 235 228 dies
267 187 427 228 modice
458 185 566 226 redit
598 188 638 226 et
670 185 768 239 abit,
800 188 941 226 tamen
973 187 1130 226 aestivo
1164 186 1240 239 die,
1279 189 1313 227 si
1344 202 1431 228 non

78 246 336 288 diffinderem
373 260 465 286 meo
503 247 688 286 insiticio
736 259 883 286 somno
928 245 1116 298 meridie,
1167 248 1304 286 vivere
1344 261 1430 287 non

76 320 259 360 possum.
320 306 408 345 illio
439 307 485 345 in
517 306 734 345 semenstri
767 304 831 344 die
864 306 936 344 aut
965 307 1088 345 nocte
1121 319 1244 358 quem
1270 304 1321 345 ad
1346 305 1471 346 mo-6

78 365 176 405 dum
209 367 449 418 quicquam
506 366 586 404 seri
639 365 711 404 aut
763 364 939 404 alescere
990 366 1062 404 aut
1111 366 1211 404 meti
1266 366 1430 417 possit?

79 426 223 465 contra
261 424 362 477 quid
399 426 443 463 in
474 422 598 463 Italia
629 424 808 463 utensile
839 437 927 463 non
958 423 1082 464 modo
1114 438 1202 464 non
1232 426 1457 476 nascitur,-

78 483 149 525 sed
180 484 305 523 etiam
335 497 423 524 non
454 484 669 536 egregium
700 482 776 522 fit?
833 482 945 535 quod
976 482 1039 522 far
1072 482 1281 523 conferam
1314 481 1431 524 Cam-

76 542 215 596 pano?
272 542 384 596 quod
427 544 614 582 triticum
652 539 825 595 Apulo?
881 541 993 595 quod
1033 544 1178 582 vinum
1222 541 1429 583 Falerno?

77 601 189 655 quod
209 602 347 642 oleum
361 601 574 643 Venafro?
593 615 681 641 non
701 600 919 641 arboribus
942 603 1104 641 consita
1122 600 1256 655 Italia,
1277 603 1324 642 ut
1341 603 1431 642 tota

76 663 312 714 pomarium
338 660 556 701 videatur?
590 674 643 700 an
666 659 853 714 Phrygia
878 663 1011 714 magis
1039 659 1195 700 vitibus
1224 663 1429 714 cooperta,
1447 661 1468 701 7

77 734 202 774 quam
216 719 423 760 Homerus
441 717 501 773 (Γ
508 717 609 773 184)
626 720 810 773 appellat
830 717 1141 772 ἀμπελόεσσαν,
1163 735 1288 773 quam
1307 720 1430 761 1130οῬ

77 781 148 819 aut
161 778 359 833 <tritieo>
373 777 524 833 Argos,
546 778 658 832 quod
676 779 786 819 idem
805 781 930 832 poeta
950 777 1007 833 (Ο
1023 777 1127 833 372)
1142 779 1430 831 πολύπυρονῖ)

75 841 121 879 in
141 853 224 892 qua
242 840 352 879 terra
370 841 564 892 iugerum
584 853 715 878 unum
736 838 862 879 denos
891 840 931 878 et
951 841 1102 892 quinos
1125 838 1252 879 denos
1274 840 1429 880 culleos

76 898 157 938 fert
196 900 301 950 vini,
343 900 447 951 quot
488 897 689 951 quaedam
730 900 774 938 in
815 896 939 937 Italia
978 898 1200 951 regiones‘.>
1252 913 1304 938 an
1343 913 1431 939 non

76 956 130 998 M.
144 955 246 998 Cato
269 957 413 998 scribit
432 959 477 997 in
497 957 604 997 libro
618 955 841 1010 Originum
858 954 1101 1011 (431³.)-s102
1118 957 1232 1011 ‘ager
1243 956 1429 998 Gallicus

75 1015 290 1057 Romanus
323 1018 512 1068 vocatur,
558 1018 629 1069 qui
661 1018 819 1056 viritim
852 1019 908 1056 cis
942 1014 1183 1056 Ariminum
1215 1016 1334 1057 datus
1369 1019 1431 1058 est

75 1077 188 1116 ultra
228 1090 375 1129 agrum
410 1075 657 1116 Picentium.
719 1078 764 1115 in
806 1090 852 1115 eo
895 1090 995 1129 agro
1036 1076 1347 1130 aliquotfariam
1386 1079 1430 1117 in

77 1136 246 1189 singula
275 1137 422 1188 iugera
453 1135 558 1175 dena
589 1135 723 1175 cullea
754 1137 842 1175 vini
873 1133 1026 1175 fiunt’?
1081 1150 1222 1176 nonne
1253 1138 1354 1177 item
1385 1138 1430 1176 in

77 1209 177 1248 agro
204 1193 448 1247 Faventino,
482 1209 505 1234 a
537 1209 618 1248 quo
651 1193 711 1234 ibi
743 1196 994 1234 trecenariae
1021 1196 1288 1248 appellantur
1313 1197 1429 1248 vites,

77 1253 189 1308 quod
213 1256 408 1308 iugerum
432 1256 618 1295 trecenas
647 1253 868 1307 amphoras
895 1253 1067 1294 reddat?
1119 1253 1254 1295 Simul
1281 1257 1430 1308 aspicit

75 1328 151 1366 me,
178 1311 308 1367 Certe,
334 1315 485 1367 inquit,
512 1312 617 1354 Libo
644 1312 838 1366 Marcius,
870 1314 1103 1367 praefectus
1130 1313 1296 1354 fabrum
1321 1316 1429 1367 tuos,

75 1375 120 1412 in
172 1372 302 1413 fundo
355 1387 429 1413 suo
474 1371 700 1413 Faventiae
744 1372 851 1413 hanc
901 1372 1217 1413 multitudinem
1268 1373 1430 1414 dicebat

78 1446 172 1473 suas
210 1431 379 1472 reddere
416 1434 534 1473 vites.
597 1432 678 1472 duo
716 1434 763 1472 in
800 1434 947 1485 primis
988 1434 1195 1485 spectasse
1235 1432 1468 1473 videntur8

75 1490 213 1532 Italici
253 1491 443 1532 homines
494 1490 594 1543 <111>
636 1490 827 1544 001011ᾶο,
872 1494 1100 1544 possentne
1144 1492 1305 1532 fructus
1351 1507 1427 1546 pro

75 1553 267 1604 impensa
305 1565 351 1591 30
383 1550 524 1591 labore
556 1550 689 1591 redire
722 1552 762 1590 et
794 1552 937 1590 utrum
970 1550 1137 1591 saluber
1169 1552 1285 1591 locus
1320 1554 1428 1592 esset

77 1624 130 1650 311
160 1624 258 1651 non.
309 1624 495 1664 quorum*
522 1612 557 1651 si
589 1611 837 1650 alterutrum
870 1610 1032 1650 decolat
1061 1612 1101 1650 et
1125 1610 1260 1651 nihilo
1287 1613 1426 1651 minus

77 1671 170 1723 quis
209 1669 302 1709 vult
340 1670 491 1722 colere,
535 1671 674 1710 mente
708 1671 770 1710 est
803 1671 948 1723 captus
983 1669 1116 1723 adque
1149 1670 1353 1723 adgnatos
1389 1672 1428 1710 et

75 1729 253 1782 gentiles
288 1730 350 1769 est
382 1728 657 1770 deducendus.
706 1743 829 1769 nemo
864 1731 974 1769 enim
1008 1743 1132 1769 sanus
1167 1729 1288 1769 debet
1320 1730 1426 1770 velle

75 1790 308 1841 impensam
340 1802 386 1829 30
419 1790 634 1842 sumptum
666 1788 799 1828 facere
830 1790 876 1828 in
909 1789 1084 1840 cultura,
1123 1790 1157 1828 si
1194 1788 1307 1828 videt
1337 1803 1425 1829 non

75 1861 198 1901 posse
229 1846 354 1900 refici,
385 1862 461 1888 nec
494 1850 529 1888 si
560 1849 701 1901 potest
732 1847 898 1888 reficere
930 1847 1103 1900 fruetus,
1143 1850 1178 1887 si
1211 1848 1322 1888 videt
1354 1862 1423 1888 eos

76 1906 164 1947 fore
201 1908 249 1947 ut
284 1908 527 1960 pestilentia
561 1907 808 1960 dispereant.
872 1906 958 1960 sed,
1005 1909 1172 1960 opinor,
1218 1910 1290 1960 qui
1321 1907 1464 1948 113009

192 2052 208 2079 1
234 2045 414 2080 aestivum
439 2046 537 2080 diem
571 2046 725 2081 Ursinus
743 2047 754 2090 ΙΙ
773 2052 791 2079 2
817 2045 971 2080 insititio
1008 2056 1133 2079 somno
1159 2045 1313 2080 meridie
1348 2046 1425 2081 Vic-

75 2093 199 2128 torius.
250 2093 494 2127 insiticiosum
518 2093 662 2127 numeri
688 2093 748 2127 die
773 2095 784 2138 Η
812 2100 830 2126 8
855 2093 1060 2127 Venafrano
1087 2093 1175 2128 duce
1201 2093 1276 2128 cod.
1303 2094 1424 2128 Paris.

75 2141 150 2175 Leo
181 2141 193 2185 ΙΙ
222 2147 241 2174 9
266 2141 431 2185 phrygea
458 2142 468 2185 ΙΙ
494 2148 530 2174 10
562 2140 826 2184 ampeloessam
845 2142 856 2184 ΙΙ
875 2147 908 2174 11
933 2142 1051 2184 suppl.
1079 2141 1153 2176 Leo
1175 2141 1180 2185 Ι
1202 2140 1397 2184 polypiron
1416 2140 1427 2186 Ji

75 2194 112 2220 13
138 2188 237 2231 quod
255 2189 266 2232 ΙΙ
285 2194 321 2221 15
346 2188 485 2222 viritim
512 2188 562 2222 018
589 2188 796 2221 Ariminum
822 2189 927 2222 datus
948 2188 1170 2223 Politianus.
1208 2187 1349 2221 uiritim
1371 2199 1424 2222 ce-

77 2245 193 2269 sarem
212 2235 408 2269 inundatus
429 2237 440 2280 Ι]
459 2242 495 2269 16
514 2235 717 2279 picentium
738 2235 922 2279 (picenum
948 2236 988 2278 V,
1014 2237 1146 2279 Mras).
1195 2234 1425 2269 Picentinum

77 2282 149 2316 Leo
172 2283 176 2327 1
199 2282 480 2325 aliquodfariam
510 2285 521 2327 Η
552 2290 588 2316 18
613 2282 819 2317 tricinariae
851 2284 862 2326 11
893 2290 929 2316 19
954 2282 1109 2317 tricenas
1134 2284 1146 2327 11
1174 2289 1213 2316 20
1237 2282 1389 2316 martius
1415 2283 1417 2312 l

78 2335 116 2362 28
136 2329 221 2364 add.
237 2330 322 2364 Keil
341 2331 352 2374 ΙΙ
371 2336 409 2363 26
429 2332 538 2374 atque
557 2342 578 2365 v
598 2334 630 2365 et
648 2330 723 2365 cod.
739 2331 855 2365 Lawr.
878 2333 884 2374 1
907 2331 954 2364 ad
973 2332 1123 2374 agnatos
1141 2341 1161 2364 υ
1175 2333 1208 2365 et
1220 2329 1296 2365 cod.
1310 2315 1416 2375 Part(
