1555 2527
76 54 133 95 24
632 53 874 89 VARRONIS

73 155 119 193 in
150 154 270 205 tecta,
308 154 355 192 ut
394 154 482 193 sine
515 154 686 206 sumptu
718 152 866 192 harum
899 167 1026 206 opera
1057 153 1187 193 altero
1220 166 1330 194 anno
1363 154 1425 193 uti

75 213 221 266 possit.
300 211 378 252 hac
423 211 724 252 consuetudine
767 214 813 252 in
856 211 981 252 Italia
1024 213 1202 252 utuntur
1245 211 1425 252 Reatini.

37 271 176 312 711366
207 271 299 312 ideo
332 273 509 311 varietas
542 273 738 324 maxime,
784 271 895 325 quod
934 274 1045 312 terra
1076 274 1193 312 cuius
1225 270 1340 312 modi
1372 272 1427 312 sit

76 331 212 372 refert.
245 330 318 371 ubi
339 333 449 371 enim
471 333 624 371 natura
644 329 862 384 [h]umida,
882 330 942 371 ibi
963 331 1088 372 altius
1110 333 1207 371 vitis
1228 330 1424 383 tollenda,

77 390 190 444 quod
233 392 278 430 in
322 391 447 444 partu
493 392 533 430 et
577 390 777 431 alimonio
823 392 969 430 vinum
1008 404 1095 431 non
1133 392 1181 431 ut
1217 393 1262 431 in
1301 391 1426 431 calice
1463 405 1478 430 5

78 451 240 504 quaerit
283 463 451 503 aquam,
497 449 567 490 sed
612 450 753 490 solem.
815 451 956 503 itaque
996 449 1107 503 ideo,
1151 451 1198 490 ut
1235 449 1427 502 arbitror,

76 511 260 563 primum
293 523 312 549 e
344 511 465 549 vinea
496 511 540 549 in
573 508 739 549 arbores
773 508 956 549 escendit
986 511 1096 550 vitis.
1422 539 1424 542 v

16 577 63 611 IX
196 568 340 620 Terra,
372 571 564 622 inquam,
607 571 724 609 cuius
757 567 871 610 modi
904 570 960 609 811
990 568 1117 609 refert
1149 570 1188 609 et
1220 568 1271 609 ad
1303 582 1426 623 quam

78 643 165 669 rem
196 627 307 669 bona
339 629 411 668 aut
442 641 529 668 non
560 627 672 668 bona
698 629 763 668 sit.
815 626 918 681 e[t]a
942 628 1077 668 tribus
1103 627 1238 669 modis
1266 627 1426 680 dicitur,

79 690 291 729 commum·
330 689 370 727 et
406 689 579 741 proprio
613 689 653 727 et
684 688 828 727 mixto.
891 690 1121 741 communi,
1166 689 1214 728 ut
1246 702 1340 728 cum
1372 687 1427 728 di·
1448 701 1482 727 10

79 749 210 788 cimus
245 746 387 787 orbem
419 748 552 787 terrae
586 748 626 787 et
657 748 812 787 terram
842 745 1011 787 Italiam
1036 749 1109 787 aut
1141 761 1267 801 quam
1293 747 1429 788 aliam.

78 809 124 847 in
168 820 215 846 63
256 808 367 846 6111111
410 808 450 846 61
493 806 600 859 lapis
642 807 682 846 61
718 805 875 847 harena
907 807 947 846 et
979 807 1114 847 cetera
1145 808 1232 847 eius
1265 808 1428 861 generis

81 867 180 907 sunt
222 868 269 906 in
310 865 569 906 nominando
614 880 870 919 comprensa.
945 866 1076 906 altero
1114 866 1239 907 modo
1279 865 1430 907 dicitur

80 927 190 966 terra
221 927 394 979 proprio
425 927 615 978 nomine,
656 939 761 979 quae
791 926 912 966 nullo
945 925 1028 966 alio
1060 924 1265 967 vocabulo
1296 939 1431 979 neque

39 985 332 1039 2cognomine
384 984 544 1025 adiecto
596 985 845 1039 appellatur.
931 986 1055 1026 tertio
1105 984 1230 1026 modo
1280 984 1431 1026 dicitur
1451 999 1484 1025 15

81 1047 202 1097 terra,
236 1058 341 1098 quae
375 1046 436 1084 est
467 1046 611 1097 mixta,
642 1047 688 1085 in
720 1058 803 1098 qua
835 1046 915 1085 seri
946 1046 1088 1098 potest
1113 1044 1214 1098 quid
1241 1045 1432 1097 61113861,

81 1106 129 1144 ut
161 1104 363 1158 argillosa
394 1105 467 1144 aut
498 1103 699 1157 lapidosa,
734 1106 794 1144 sic
826 1104 942 1157 aliae,
976 1118 1070 1144 cum
1101 1106 1147 1145 in
1172 1104 1250 1145 hac
1276 1106 1431 1158 species

80 1177 168 1204 non
199 1165 338 1203 minus
372 1165 458 1203 sint
488 1164 645 1204 multae
678 1177 804 1218 quam
834 1166 880 1204 in
911 1164 987 1204 illa
1018 1166 1231 1204 communi
1261 1165 1434 1218 propter

83 1222 374 1264 admixtiones.
441 1225 487 1263 in
524 1223 599 1263 illa
637 1225 749 1264 enim
787 1237 881 1264 cum
914 1222 1056 1276 si<n>t
1088 1223 1283 1264 dissimili
1314 1225 1356 1263 vi
1388 1237 1434 1263 36

83 1284 291 1337 potestate
340 1284 480 1336 partes
531 1283 782 1336 permultae,
831 1284 877 1323 in
921 1285 1014 1337 quis
1065 1283 1191 1336 lapis,
1240 1296 1434 1335 marmor,
1455 1297 1488 1323 20

82 1342 230 1395 rudus,
274 1341 448 1395 harena,
488 1342 654 1395 sabulo,
693 1342 860 1396 argilla,
899 1341 1082 1395 rubrica,
1123 1343 1281 1396 pulvis,
1314 1343 1436 1394 creta,

84 1404 206 1455 cinis,
252 1400 548 1455 carbunculus,
592 1401 636 1443 id
677 1403 739 1442 est
781 1416 886 1456 quae
928 1402 1015 1443 sole
1055 1402 1243 1455 perferve
1279 1403 1340 1442 ita
1376 1401 1437 1455 fit,

44 1461 134 1502 3111
164 1460 323 1502 radices
358 1463 545 1502 satorum
578 1461 813 1515 comburat,
855 1461 906 1502 ab
938 1463 989 1502 iis
1023 1476 1129 1515 quae
1159 1463 1332 1515 proprio
1363 1474 1437 1502 no-

83 1523 197 1561 mine
235 1520 389 1561 dicitur
426 1523 552 1574 terra,
598 1535 691 1561 cum
733 1523 795 1561 est
833 1520 1018 1561 admixta
1049 1535 1097 1562 ex
1128 1522 1180 1561 iis
1212 1519 1435 1575 generibus

86 1581 227 1634 aliqua
270 1595 330 1633 re,
376 1579 506 1634 [cum]
551 1580 704 1621 dicitur
747 1582 820 1621 aut
869 1583 1030 1622 cretosa
1073 1595 1093 1617 *
1139 1582 1198 1621 sic
1242 1579 1292 1620 ab
1343 1580 1436 1621 aliis
1457 1595 1490 1621 25

85 1654 288 1694 generum
339 1639 650 1681 discriminibus
694 1642 837 1680 mixta.
916 1639 1068 1681 horum
1115 1640 1328 1680 varietatis
1378 1641 1439 1680 ita

85 1713 240 1753 genera
269 1698 381 1751 11366,
413 1701 462 1740 111
491 1702 706 1753 praeterea
735 1699 956 1741 subtiliora
982 1701 1067 1740 sint
1092 1699 1185 1752 alia,
1216 1701 1439 1740 minimum

86 1761 131 1799 in
158 1759 327 1812 singula
351 1758 513 1812 facie[s]
539 1758 751 1813 ter[re]na‚
778 1758 890 1813 quod
917 1759 999 1799 alia
1023 1761 1134 1799 terra
1159 1760 1221 1799 681
1242 1758 1363 1799 valde
1381 1759 1438 1799 la-

87 1817 253 1872 pidosa,
292 1818 375 1858 alia
405 1818 685 1871 mediocriter,
719 1819 801 1859 alia
831 1832 962 1872 prope
994 1832 1110 1872 pura.
1173 1820 1232 1859 816
1264 1817 1313 1858 (16
1345 1818 1438 1859 31118

87 1876 310 1931 generibus
352 1878 527 1932 reliquis
569 1878 777 1919 admixtae
817 1880 951 1918 terrae
991 1879 1074 1918 tres
1113 1877 1268 1932 gradus
1301 1891 1440 1918 ascen·
1459 1892 1493 1918 30

49 1936 198 1977 4dunt
254 1936 430 1978 eosdem.
516 1939 730 1992 praeterea
784 1937 862 1978 hae
916 1939 1032 1991 ipsae
1088 1939 1230 1978 ternae
1283 1939 1438 1991 species

88 1997 228 2036 ternas
260 1998 306 2036 in
339 2010 381 2037 se
412 1996 569 2038 habent
600 1998 715 2050 alias,
748 1996 860 2051 quod
891 1998 1046 2050 partim
1079 1998 1178 2037 sunt
1202 1996 1440 2049 umidiores,

207 2166 223 2192 1
249 2170 374 2193 earum
400 2160 602 2196 Iucundus.
651 2160 782 2195 horum
807 2161 818 2205 Η
843 2167 861 2194 2
886 2159 1030 2194 Reatini
1057 2171 1088 2195 v.
1138 2159 1289 2194 uriatini
1314 2160 1326 2204 ΙΙ
1351 2165 1370 2193 ⁹
1399 2170 1442 2194 ea

90 2206 207 2240 tribus
233 2207 433 2242 Iucundus.
486 2209 520 2242 61
548 2219 570 2242 3
600 2208 717 2242 tribus
742 2210 753 2253 ΙΙ
782 2215 818 2242 16
845 2219 918 2252 qua
942 2219 986 2242 m.
1038 2218 1110 2251 quo
1141 2208 1153 2251 11
1181 2213 1217 2241 1⁹
1249 2207 1333 2242 add.
1361 2208 1440 2242 Me-

90 2255 176 2288 rula
194 2255 205 2297 ll
225 2260 259 2287 21
285 2254 420 2289 harena
442 2256 564 2299 (arena
598 2256 642 2300 V)
663 2257 674 2299 ΙΙ
694 2262 731 2289 22
759 2255 850 2289 cinis
877 2255 972 2290 Keil.
1024 2254 1121 2300 ignis
1140 2256 1152 2299 ΙΙ
1172 2261 1209 2289 25
1239 2255 1303 2289 dez.
1331 2254 1438 2301 Keil!

91 2302 262 2336 lacunam
287 2302 420 2337 detexit
447 2303 639 2338 Iucwndus
658 2309 668 2345 n
689 2310 726 2336 28
754 2315 768 2337 8
795 2303 861 2338 del.
889 2304 976 2338 Keil
997 2304 1002 2348 Ι
1024 2314 1062 2337 re
1087 2303 1153 2338 del.
1174 2302 1366 2338 Iucundus
1383 2303 1395 2347 ΙΙ
