1560 2506
0 707 34 732 10

0 1002 30 1028 15

0 1299 30 1324 20

0 1595 30 1621 25

0 1891 31 1917 30

322 62 489 96 RERVM
513 61 816 97 RVSTICARVM
840 61 926 95 ΠΒ.
946 62 961 94 Ι
987 65 1125 95 58—64
1345 61 1400 103 63

55 162 210 200 circum
240 174 419 211 ramum,
462 173 515 199 ne
547 160 802 199 extrinsecus
836 160 1008 212 spiritus
1042 158 1182 211 adflet,
1227 173 1273 199 ea
1315 173 1401 199 non

53 218 177 260 modo
203 221 367 272 integra
393 216 585 271 ex[s]imi‚
613 218 684 258 sed
707 220 832 258 etiam
851 220 1020 271 maiora,
1047 232 1172 271 quam
1191 220 1236 258 in
1256 217 1401 258 arbore

54 291 253 331 umquam
282 277 567 331 pependerint.

170 335 232 377 De
264 337 451 377 olivitate
484 337 594 377 oleas
628 339 716 377 esui
748 338 905 389 optime
938 335 1060 376 condi
1088 335 1232 376 scribit
1259 334 1361 377 Cato
1376 345 1436 379 LX
1498 372 1500 375 ,

55 394 158 451 (M)
171 397 318 436 orcites
340 397 386 447 et*
398 409 548 448 puseas
563 396 629 435 vel
643 395 793 436 virides
814 397 859 435 in
878 397 1014 435 muria
1032 396 1097 435 vel
1111 394 1212 447 <in>
1225 396 1400 436 lentisco

53 457 259 496 contusas.
339 457 487 495 orcites
532 457 674 508 nigras
717 454 869 507 aridas,
915 455 998 494 sale
1044 457 1079 495 si
1123 457 1208 495 sint
1252 454 1401 495 confri-

53 513 201 568 [c]atae
234 513 319 554 dies
352 516 536 567 quinque
569 516 608 554 et
640 516 731 554 tum
763 514 847 554 sale
880 528 1050 554 excusso
1083 513 1258 554 biduum
1291 516 1326 554 si
1356 517 1401 554 in

53 574 138 614 sole
184 575 345 627 positae
390 573 563 626 fuerint,
612 587 778 613 manere
821 572 991 614 idoneas
1038 574 1187 614 solere:
1238 573 1401 613 easdem

54 635 141 673 sine
174 633 258 673 sale
289 635 335 673 in
366 632 577 672 defrutum
604 631 805 685 condi[re]
833 634 952 673 recte.
1004 647 1214 673 amurcam
1239 635 1363 686 periti
1377 641 1454 675 LXI

53 692 259 745 agricolae
297 693 383 731 tam
426 694 471 732 in
514 691 700 745 <d>oleis
746 691 933 732 condunt
977 705 1101 745 quam
1146 692 1285 732 oleum
1329 694 1401 732 aut

51 753 207 792 vinum.
282 753 369 791 eius
411 750 614 792 conditio:
660 765 753 791 cum
795 765 987 804 expressa
1028 750 1207 804 effluxit,
1253 750 1399 805 [quod]

52 812 194 851 statim
232 809 280 850 de
318 825 364 850 ea
402 809 691 864 decoquuntur
730 810 833 850 duae
864 812 1003 864 partes
1038 813 1077 850 et
1109 811 1400 864 refrigeratum

52 869 245 910 conditur
284 871 329 909 in
370 884 478 910 vasa.
541 872 640 910 sunt
676 871 777 910 item
815 870 919 910 aliae
952 869 1230 923 conditiones,
1277 872 1323 910 ut
1354 884 1401 910 ea

50 931 95 970 in
128 943 209 982 qua
242 928 418 969 adicitur
451 927 518 982 [L]
550 931 749 969 mustum.

171 987 291 1036 Quod
328 1002 450 1028 nemo
489 988 649 1028 fructus
692 988 851 1041 condit,
895 991 978 1028 nisi
1011 991 1058 1028 ut
1088 991 1271 1042 promat,
1317 988 1365 1028 de
1379 997 1471 1031 LXII

52 1061 98 1088 eo
131 1061 296 1101 quoque
328 1048 394 1087 vel
421 1044 536 1088 sexto
563 1047 696 1101 gradu
723 1047 1089 1088 animadvertenda
1113 1062 1256 1101 pauca.
1306 1062 1399 1101 pro-

50 1108 171 1146 munt
215 1106 383 1147 condita
427 1109 499 1147 aut
540 1109 763 1160 propterea
806 1107 918 1161 quod
963 1109 1062 1147 sunt
1105 1107 1276 1160 tuenda,
1328 1109 1400 1147 aut

51 1165 163 1220 quod
194 1166 363 1219 utenda,
409 1168 482 1206 aut
519 1166 632 1220 quod
662 1166 894 1207 vendunda.
958 1181 1004 1207 ea
1036 1166 1148 1220 quod
1180 1166 1400 1207 dissimilia

51 1227 150 1266 sunt
180 1227 290 1266 inter
323 1240 376 1278 se,
408 1226 514 1266 aliut
545 1226 627 1266 alio
660 1228 847 1280 tempore
879 1226 1082 1266 tuendum
1114 1229 1154 1266 et
1185 1226 1399 1267 utendum.

168 1283 330 1325 Tuendi
373 1299 497 1325 causa
533 1285 810 1338 promendum
850 1285 893 1325 id
933 1286 1207 1338 frumentum,
1252 1285 1365 1339 quod
1378 1294 1487 1328 LXIII

51 1344 310 1384 curculiones
345 1358 483 1385 exesse
514 1346 734 1397 incipiunt.
801 1344 845 1384 id
882 1347 993 1385 enim
1025 1359 1119 1386 cum
1156 1347 1400 1399 promptum

50 1405 129 1456 est,
172 1405 218 1444 in
262 1404 348 1444 sole
391 1418 545 1457 ponere
590 1406 755 1457 oportet
799 1417 929 1457 aquae
974 1407 1152 1457 catinos,
1196 1404 1308 1458 quod
1352 1418 1399 1445 eo

51 1465 321 1516 conveniunt,
363 1465 410 1503 ut
447 1465 530 1516 ipsi
563 1477 604 1503 se
635 1465 800 1516 necent,
846 1465 1119 1505 curculiones.
1182 1463 1258 1504 sub
1291 1466 1401 1504 terra

51 1524 123 1575 qui
153 1521 309 1562 habent
341 1522 599 1562 frumentum
629 1525 675 1563 in
705 1525 756 1562 iis
790 1536 894 1576 quos
927 1525 1079 1564 vocant
1117 1526 1242 1576 sirus,
1288 1522 1400 1577 quod

51 1595 145 1622 cum
175 1582 361 1635 periculo
393 1583 593 1622 introitur
623 1584 778 1622 recenti
810 1584 1036 1636 apertione,
1066 1584 1127 1623 ita
1158 1584 1205 1623 ut
1231 1582 1412 1636 quibus-·

50 1640 144 1681 dam
171 1642 225 1681 sit
249 1641 476 1681 interclusa
501 1643 649 1694 anima,
683 1642 898 1695 aliquanto
924 1644 1022 1695 post
1047 1656 1248 1695 promere,
1274 1655 1399 1695 quam

50 1702 275 1753 aperueris,
317 1702 494 1753 oportet.
555 1700 635 1753 far,
677 1700 790 1754 quod
825 1703 871 1741 in
903 1703 1028 1754 spicis
1062 1701 1293 1742 condideris
1325 1715 1399 1754 per

49 1773 226 1800 messem
258 1761 297 1799 et
329 1759 380 1800 ad
411 1774 511 1800 usus
545 1759 705 1800 cibatus
739 1760 930 1814 expedire
962 1761 1084 1814 velis,
1121 1760 1398 1814 promendum

49 1818 195 1871 hieme,
227 1820 274 1858 ut
304 1821 350 1859 in
381 1820 561 1872 pistrino
592 1821 754 1873 pisctur
785 1833 831 1860 ac
863 1821 1081 1861 torreatur.

169 1876 352 1918 Amurca
392 1892 486 1918 cum
518 1893 565 1918 ex
599 1879 690 1920 olea
722 1893 931 1933 expressa,
976 1882 1048 1933 qui
1081 1881 1143 1920 est
1176 1878 1363 1932 [h]umor
1376 1887 1486 1922 LXIV

168 2024 184 2051 1
209 2028 255 2051 ne
288 2017 441 2052 Ursinus
466 2018 539 2062 (sed
563 2018 602 2052 ni
622 2029 693 2063 pro
717 2021 788 2062 ne).
842 2019 871 2053 si
891 2020 902 2063 ΙΙ
922 2026 939 2052 2
965 2018 1077 2052 eximi
1103 2019 1251 2054 Nonius
1269 2021 1280 2063 ΙΙ
1299 2025 1317 2052 5
1344 2030 1396 2062 sq.

50 2076 182 2119 puseas
214 2064 333 2099 aridas
359 2065 419 2098 uel
443 2065 581 2099 uirides
607 2065 645 2099 in
670 2066 790 2100 muria
813 2066 874 2100 uel
899 2066 1048 2100 lentisco
1076 2068 1242 2100 contusas
1268 2066 1397 2100 orcites

51 2112 174 2156 nigras
194 2111 268 2146 sale
289 2112 421 2156 (aridas
442 2114 525 2148 ὑφαί.
541 2113 637 2155 Keil,
657 2113 696 2146 in
715 2114 800 2148 add.
821 2124 864 2148 em
886 2114 1018 2149 Catone
1037 2114 1241 2159 Jueundus)
1262 2115 1273 2158 ΙΙ
1294 2121 1308 2147 7
1330 2113 1395 2148 del.

60 2159 212 2194 Ursinus
230 2160 241 2204 ΙΙ
260 2166 279 2193 9
305 2160 370 2194 del.
398 2159 553 2195 Ursinus
571 2161 582 2205 ΙΙ
601 2167 638 2194 10
660 2160 746 2195 add.
774 2161 954 2196 Victorius
972 2162 984 2206 Η
1002 2167 1036 2194 11
1056 2161 1121 2196 dez
1127 2161 1213 2196 Keil
1231 2163 1242 2206 ΙΙ
1260 2168 1297 2195 16
1316 2171 1397 2205 pro-

52 2208 155 2240 munt
179 2207 379 2242 Iracundus
420 2208 612 2252 primumn
631 2215 668 2241 22
694 2209 823 2253 aquae]
856 2210 966 2252 atque
989 2209 1137 2243 Nonius
1161 2208 1172 2255 Η
1197 2215 1234 2242 24
1262 2219 1361 2243 serus
1385 2208 1398 2253 ΙΙ

51 2260 89 2286 28
117 2265 225 2287 usum
245 2254 332 2289 Keil
350 2255 361 2299 ΙΙ
380 2260 417 2288 29
447 2255 484 2288 in
512 2255 666 2298 pistrino
699 2256 750 2299 (in
775 2255 911 2299 pistino
938 2257 1030 2299 Pol„
1062 2256 1100 2289 in
1130 2256 1284 2300 pistrino
1311 2266 1395 2299 apo-

50 2301 200 2346 yrapha.
246 2301 339 2336 idem
364 2303 417 2336 vel
441 2302 479 2336 in
503 2302 657 2346 pristino
678 2303 838 2346 Nonius)
862 2304 866 2348 Ι
888 2303 1029 2347 pisetur
1048 2304 1206 2338 Nonius.
1232 2303 1396 2347 pisatur
1395 2302 1397 2336 I
