1560 2506
28 759 58 785 10

24 1055 57 1080 15

23 1351 57 1376 20

357 112 526 148 RERVM
549 111 855 147 RVSTICARVM
878 112 964 146 LIB.
989 112 1038 146 Π]
1065 117 1155 146 1-2
1345 113 1429 161 115

81 224 102 250 e
134 212 227 264 quis
261 210 342 251 duo
376 212 540 263 scripsi,
584 212 769 262 primum
801 209 852 248 ad
882 208 1147 249 Fundaniam
1177 224 1350 251 uxorem
1382 210 1431 251 de

81 272 173 323 agri
223 270 403 322 cultura,
458 268 685 308 secundum
736 267 784 308 de
833 271 1028 321 pecuaria
1077 268 1129 308 ad
1177 268 1432 309 Turranium

79 327 280 382 Nigrum:
313 331 385 381 qui
416 328 602 380 reliquus
635 329 698 367 est
728 329 877 367 tertius
910 327 959 368 de
990 328 1187 368 villaticis
1214 328 1431 381 fructibus,

79 390 125 428 in
153 387 235 428 -hoc
266 387 318 427 ad
348 389 389 427 te
419 388 555 439 mitto,
589 386 701 439 quod
732 389 845 426 visus
880 401 973 426 sum
1005 386 1150 427 debere
1181 401 1258 441 pro
1287 390 1433 428 nostra

80 448 295 487 vicinitate
335 448 376 486 et
417 459 556 486 amore
598 445 774 486 scribere
814 448 1084 499 potissimum
1125 446 1177 486 ad
1215 448 1266 487 te.
1338 460 1433 486 cum
1450 445 1505 487 10

80 508 191 546 enim
226 505 372 546 villam
408 504 580 544 haberes
614 519 737 558 opere
768 506 944 545 tectorio
977 507 1018 545 et
1048 508 1250 546 intestino
1282 519 1329 545 ac
1360 520 1430 559 pa-

78 566 273 605 vimentis
310 563 525 605 nobilibus
564 564 819 604 lithostrotis
853 564 1122 617 spectandam
1152 564 1250 617 (et)
1280 579 1430 618 parum

77 625 269 677 putasses
311 637 415 676 esse,
455 625 501 663 ni
532 624 616 663 tuis
650 637 815 676 quoque
846 623 997 663 litteris
1031 626 1221 664 exornati
1252 626 1430 677 parietes

78 685 226 736 essent,
259 696 336 736 ego
370 695 547 736 quoque,
586 696 668 735 quo
702 684 889 722 ornatior
920 697 967 722 ea
998 697 1086 723 esse
1117 686 1260 736 posset
1291 683 1431 723 fructu

79 740 210 795 [quod
252 740 401 794 factu],
447 741 559 794 quod
601 742 734 781 facere
777 755 961 795 possem,
1006 741 1106 782 haec
1150 742 1202 782 ad
1239 745 1280 782 te
1323 744 1431 795 misi,

77 800 316 841 recordatus
356 801 403 841 de
442 815 488 840 ea
528 815 571 841 re
616 815 837 853 sermoneS,
882 815 986 854 quos
1025 801 1075 841 de
1111 802 1214 841 villa
1249 802 1433 854 perfecta

76 859 380 900 habuissemus.
413 860 461 900 de
488 860 639 913 quibus
667 859 922 913 exponendis
949 862 1120 900 initium
1140 863 1302 913 capiam
1321 861 1430 901 hinc.

197 917 388 960 Comitiis
421 919 621 959 aediliciis
655 934 748 959 cum
781 920 867 959 sole
900 919 1017 959 caldo
1051 934 1128 973 ego
1161 922 1202 960 et
1228 919 1274 967 Q.
1294 918 1475 961 Axiusn

79 980 246 1019 senator
285 978 453 1018 tribulis
497 978 744 1032 suffragium
780 979 1023 1018 tulissemus
1063 981 1104 1019 et
1138 978 1430 1033 candidato[s],

78 1040 145 1077 cui
190 1037 475 1091 studebamus,
518 1038 719 1078 vellemus
765 1052 852 1077 esse
894 1040 1079 1091 praesto,
1124 1052 1219 1078 cum
1260 1038 1429 1079 domum

76 1096 240 1149 rediret,
271 1095 405 1137 Axius
437 1096 558 1150 mihi,
590 1095 703 1136 Dum
736 1096 985 1149 diribentur,
1022 1099 1179 1150 inquit,
1218 1098 1429 1151 suffragia,

75 1158 138 1196 vis
170 1158 312 1209 potius
344 1156 467 1196 villae
498 1156 691 1209 publicae
723 1158 891 1196 utamur
922 1156 1081 1209 umbra,
1119 1170 1246 1210 quam
1275 1159 1430 1210 privati

77 1215 287 1255 candidati
312 1215 468 1255 tabella
492 1215 521 1268 †
542 1215 759 1255 dimidiata
784 1215 1045 1256 aedificemus
1071 1216 1224 1256 nobis?
1257 1214 1431 1270 Opinor,

75 1276 266 1327 inquam,
308 1289 396 1315 non
435 1275 588 1327 solum,
639 1274 752 1328 quod
789 1274 957 1327 dicitur,
1006 1275 1165 1315 malum
1206 1276 1430 1316 consilium

77 1334 309 1374 consultori
346 1335 408 1374 est
447 1336 693 1387 pessimum,
739 1333 808 1373 sed
847 1336 972 1374 etiam
1003 1334 1162 1374 bonum
1194 1335 1429 1388 consilium,

77 1395 150 1445 qui
181 1393 365 1433 consulit
396 1395 436 1432 et
468 1395 541 1446 qui
573 1393 819 1445 consulitur,
851 1393 1009 1434 bonum
1041 1393 1291 1433 habendum.
1347 1392 1428 1433 Ita-

77 1465 156 1505 que
192 1454 320 1504 imus,
363 1455 553 1492 venimus
591 1454 637 1492 in
674 1453 830 1492 villam.
891 1452 951 1492 ibi
983 1451 1172 1506 Appium
1205 1450 1469 1493 Claudium?

76 1524 278 1564 augurem
310 1511 520 1551 sedentem
550 1513 786 1551 invenimus
819 1514 863 1551 in
896 1511 1123 1564 subselliis,
1168 1514 1216 1551 ut
1254 1513 1428 1564 consuli,

76 1569 215 1623 siquid
263 1584 364 1610 usus
414 1572 693 1624 poposcisset,
744 1573 850 1610 esset
899 1573 1078 1624 praesto.
1160 1570 1327 1611 sedebat
1377 1571 1425 1610 ad

22 1645 54 1671 23
76 1631 290 1669 sinistram
327 1632 364 1669 ei
402 1627 620 1670 Cornelius
658 1628 820 1669 Merula
857 1630 1068 1670 consulari
1107 1630 1268 1670 familia
1311 1632 1427 1670 ortus

22 1940 56 1966 30

75 1690 116 1728 et
147 1686 364 1728 Fircellius
396 1687 509 1729 Pavo
542 1687 758 1742 Reatinus,
789 1688 841 1728 ad
872 1689 1060 1729 dextram
1089 1688 1300 1729 Minucius
1329 1688 1429 1729 Pica

76 1749 117 1787 et
147 1746 203 1788 M.
235 1746 458 1788 Petronius
492 1747 650 1788 Passer.
714 1748 765 1788 ad
804 1761 927 1801 quem
964 1762 1058 1788 cum
1099 1751 1428 1801 accessissemus,

76 1804 275 1859 A[u]xius
302 1805 443 1860 Appio
478 1807 708 1860 subridens,
739 1806 906 1860 Recipis
932 1821 1022 1859 nos,
1054 1810 1205 1860 inquit,
1236 1810 1281 1847 in
1306 1810 1429 1847 tuum

76 1865 313 1918 ornithona,
345 1866 418 1906 ubi
451 1866 564 1906 sedes
597 1868 708 1906 inter
738 1867 862 1906 aves?
894 1865 982 1919 Ille,
1014 1866 1107 1920 Ego
1134 1881 1244 1919 vero,
1275 1864 1468 1920 inquit,3

76 1926 117 1964 te
141 1927 398 1978 praesertim,
431 1928 580 1978 quoius
608 1939 702 1965 aves
728 1925 958 1979 hospitales
985 1928 1110 1966 etiam
1135 1940 1248 1966 nunc
1273 1928 1427 1979 ructor,

76 1996 178 2037 quas
218 1983 323 2024 mihi
355 1986 590 2038 apposuisti
620 1987 764 2037 paucis
799 1987 894 2025 ante
926 1985 1070 2025 diebus
1102 1988 1148 2025 in
1179 1984 1293 2025 Villa
1324 1983 1428 2025 Rea-

196 2117 210 2143 7
238 2110 322 2145 add.
351 2111 438 2145 Keil
464 2111 552 2146 duce
585 2111 716 2146 Ursino
742 2113 972 2156 (parumque)
993 2113 1004 2156 Η
1024 2118 1041 2145 8
1067 2112 1106 2145 111
1131 2112 1204 2145 tuis
1238 2111 1271 2144 V
1294 2115 1327 2146 et
1349 2112 1425 2146 cod.

75 2157 191 2199 Hor„
216 2157 255 2191 in
279 2158 352 2191 tuis
377 2159 509 2202 reliqui
539 2160 550 2202 ΙΙ
580 2165 618 2191 10
643 2159 708 2192 del.
736 2159 823 2193 Keil
853 2160 864 2203 ΙΙ
892 2166 928 2193 18
958 2162 993 2193 et
1019 2158 1058 2200 Q.
1086 2159 1200 2192 Axius
1234 2158 1425 2193 Victorius.

76 2206 112 2238 et
136 2215 208 2247 que
233 2205 336 2239 axius
366 2206 488 2248 (atque
515 2206 618 2239 axius
652 2207 698 2250 V)
731 2207 742 2250 Η
772 2213 808 2239 14
835 2207 900 2240 del.
930 2207 1125 2241 Iucundus
1155 2208 1166 2250 ΙΙ
1196 2212 1233 2239 16
1259 2205 1427 2252 111111111111

75 2254 160 2293 181-
175 2252 258 2286 add.
286 2253 372 2287 Keil
403 2254 414 2297 ΙΙ
441 2259 480 2287 20
506 2255 560 2286 est
583 2253 787 2296 pessimum
816 2255 912 2297 (esse
936 2254 1140 2297 pessimum
1173 2254 1219 2298 V)
1251 2254 1263 2296 ΙΙ
1293 2259 1332 2286 26
1356 2253 1425 2286 mi-

74 2298 200 2332 nutius
231 2300 242 2343 fl
273 2306 311 2332 28
337 2300 403 2334 del.
430 2311 492 2335 mv
525 2301 530 2345 Ι
564 2300 696 2343 inquid
715 2301 726 2344 ΙΙ
745 2307 783 2334 29
808 2301 940 2344 inquid
965 2303 976 2345 Η
1001 2308 1040 2334 30
1066 2301 1198 2344 quouis
1234 2300 1350 2344 (cuius
1385 2300 1424 2342 V,

77 2345 209 2388 quouis
232 2347 396 2389 plurima
422 2349 560 2392 apoyr.)
580 2349 591 2391 ΙΙ

1164 2405 1211 2439 8*
