1560 2506
335 64 501 98 RERVM
525 63 829 98 RVSTICARVM
855 63 938 97 LIB.
960 64 973 96 Ι
994 67 1108 98 8-10
1337 63 1392 105 25

52 164 207 216 partim
246 161 461 214 aridiores,
505 163 660 214 partim
699 160 938 201 mediocres.
999 175 1133 214 neque
1170 175 1257 202 non
1294 161 1394 202 haec

54 221 294 262 discrimina
334 222 547 274 pertinent
596 219 647 260 ad
695 219 855 260 fructus
905 219 1180 260 vehementer.
1253 222 1395 274 itaque

53 282 177 335 periti
224 282 271 321 in
312 279 405 320 loco
448 279 653 320 umidiore
702 279 766 319 far
815 279 1011 320 adoreum
1059 281 1200 333 potius
1253 281 1396 320 serunt

54 354 179 394 quam
227 340 430 391 triticum,
487 341 632 379 contra
680 341 726 378 in
775 338 952 379 aridiore
1001 338 1204 379 hordeum
1252 340 1393 392 potius

18 414 32 440 5
53 413 178 453 quam
209 398 282 451 far,
313 400 359 438 in
388 397 587 439 mediocri
618 400 853 451 utrumque.
915 400 1127 451 praeterea
1158 399 1284 438 etiam
1316 397 1437 441 dis-5

53 459 228 499 crimina
271 459 459 498 omnium
501 457 653 498 horum
695 471 896 511 generum
941 456 1162 498 subtiliora
1206 458 1302 509 alia,
1349 458 1396 497 ut

52 520 98 558 in
129 516 324 557 sabulosa
354 518 481 569 terra,
527 516 639 570 quod
675 515 736 556 ibi
766 516 893 557 refert
925 516 1071 557 sabulo
1104 516 1223 557 albus
1258 518 1312 557 sit
1344 530 1396 556 an

53 575 321 628 rubicundus,
348 576 461 630 quod
487 575 686 616 subalbus
709 575 760 616 ad
786 575 979 616 serendos
1008 577 1196 617 surculos
1224 576 1395 628 alienus,

47 637 199 676 contra
237 634 510 676 rubicundior
550 637 780 689 appositus.
853 637 910 675 sic
947 649 1101 689 magna
1138 637 1219 675 tria
1257 635 1397 675 discri-

2 710 35 736 10
53 697 168 735 mina
203 696 352 747 terrae,
398 694 510 748 quod
546 695 672 735 refert
708 696 851 734 utrum
889 696 944 735 sit
973 709 1112 735 macra
1144 709 1197 735 an
1227 696 1398 748 pinguis

55 768 109 794 an
143 753 380 807 mediocris,
426 753 539 808 quod
576 753 626 794 ad
659 754 865 794 culturam
896 756 1068 808 pinguis
1101 753 1318 795 fecundior
1349 753 1400 794 ad

53 813 203 866 multa,
246 827 386 854 maora
429 815 583 854 contra.
656 815 797 867 itaque
841 813 870 866 †
889 828 986 866 nus,
1032 815 1079 853 ut
1122 815 1167 854 in
1208 812 1400 867 Pupinia,

53 887 189 926 neque
243 872 408 913 arbores
463 873 651 926 prolixae
703 887 838 926 neque
888 874 992 913 vites
1044 873 1216 925 feraces,
1266 887 1401 926 neque

57 934 284 973 stramenta
320 931 459 972 videre
497 946 635 972 crassa
670 934 807 985 possis
845 946 981 986 neque
1017 932 1143 973 ficum
1180 934 1401 973 mariscam

3 1006 36 1032 15
57 993 97 1032 et
128 991 294 1032 arbores
321 992 541 1045 plerasque
569 1006 614 1032 ac
639 993 760 1045 prata
785 990 988 1032 retorrida
1012 1005 1215 1033 muscosa.
1258 993 1442 1034 contrass

55 1053 101 1091 in
139 1065 240 1105 agro
277 1053 447 1105 pingui,
486 1053 534 1091 ut
570 1053 615 1091 in
646 1050 833 1103 Etruria,
871 1051 968 1091 licet
1000 1050 1138 1091 videre
1170 1053 1210 1092 et
1242 1053 1401 1105 segetes

56 1110 291 1151 fructuosas
334 1124 380 1150 ac
420 1109 621 1151 restibilis
665 1112 705 1151 et
746 1110 912 1151 arbores
958 1111 1142 1164 prolixas
1181 1112 1222 1151 et
1263 1112 1404 1151 omnia

58 1171 146 1211 sine
188 1184 344 1210 musco.
411 1171 457 1210 in
493 1169 691 1211 mediocri
731 1172 870 1210 autem
900 1172 1027 1223 terra,
1071 1172 1119 1210 ut
1149 1172 1195 1210 in
1226 1169 1403 1221 Tiburti,

59 1227 205 1283 qu0[d]
237 1231 412 1283 propius
445 1229 602 1270 accedit
633 1231 681 1269 ut
711 1244 799 1270 non
831 1231 885 1269 sit
916 1243 1071 1282 macra,
1113 1243 1239 1283 quam
1270 1231 1318 1269 ut
1350 1230 1405 1269 sit

5 1303 39 1328 20
57 1290 208 1341 ieiuna,
242 1302 288 1329 eo
322 1287 373 1328 ad
405 1302 547 1329 omnes
574 1303 637 1329 res
671 1288 938 1341 commodior,
972 1303 1097 1342 quam
1124 1291 1158 1329 si
1184 1287 1405 1329 inclinabit

58 1347 110 1388 ad
139 1347 247 1388 illud
279 1347 391 1401 quod
418 1347 609 1388 deterius.
673 1346 803 1401 Stolo,
835 1346 935 1388 Non
966 1349 1084 1400 male,
1116 1350 1267 1402 inquit,
1301 1340 1443 1402 quae7

61 1409 115 1448 sit
151 1406 301 1448 idonea
337 1409 447 1447 terra
481 1406 533 1447 ad
565 1407 785 1448 colendum
817 1409 888 1447 aut
918 1421 1022 1460 non,
1061 1406 1304 1461 Diophanes
1336 1406 1404 1448 Bi-

58 1466 213 1520 thynos
254 1465 398 1507 scribit
439 1468 561 1520 signa
593 1469 701 1507 sumi
732 1481 855 1520 posse
887 1469 960 1507 aut
991 1481 1041 1507 ex
1071 1469 1164 1520 ipsa
1195 1468 1268 1507 aut
1300 1480 1405 1521 quae

59 1527 290 1566 nascuntur
327 1539 376 1566 ex
412 1528 482 1566 iis:
528 1540 576 1566 ex
607 1528 716 1579 ipsa,
761 1528 796 1566 si
830 1528 884 1566 sit
914 1528 1024 1566 terra
1055 1526 1166 1579 alba,
1206 1528 1241 1566 si
1271 1528 1405 1580 nigra,

8 1599 41 1625 25
62 1587 97 1626 si
128 1586 244 1638 levis,
277 1599 382 1638 quae
415 1599 508 1626 oum
540 1585 734 1638 fodiatur,
769 1585 890 1626 facile
922 1585 1081 1638 frietur,
1118 1587 1270 1626 natura
1301 1599 1407 1639 quae

60 1658 148 1685 non
180 1646 234 1685 sit
266 1647 469 1685 cineracia
498 1659 601 1685 neve
632 1644 896 1686 vehementer
928 1644 1071 1686 densa:
1104 1659 1152 1685 ex
1184 1647 1236 1685 iis
1269 1647 1408 1685 autem

62 1718 167 1757 quae
199 1705 321 1744 enata
352 1705 451 1745 sunt
482 1704 585 1757 fera,
631 1706 666 1744 si
704 1706 802 1744 sunt
834 1705 1000 1758 prolixa
1031 1707 1155 1758 atque
1188 1703 1269 1758 [ea]
1303 1718 1408 1758 quae

63 1777 112 1803 ex
151 1765 202 1803 iis
244 1765 360 1803 nasci
401 1762 552 1804 debent
592 1777 733 1804 earum
773 1777 911 1804 rerum
951 1764 1113 1805 feracia.
1185 1763 1256 1804 sed
1297 1763 1408 1817 quod

64 1823 263 1876 sequitur,
295 1824 467 1863 tertium
497 1823 595 1863 illut
627 1822 675 1863 de
706 1822 840 1863 modis
874 1822 1002 1877 dic[i].

10 1896 44 1922 30
179 1880 275 1934 Ille,
315 1880 481 1935 Modos,
522 1881 674 1936 quibus
714 1883 962 1922 metirentur
998 1896 1112 1934 rura,
1157 1883 1264 1923 alius
1303 1883 1455 1923 aliosX

64 1942 294 1981 constituit.
355 1955 454 1981 nam
484 1943 530 1981 in
561 1940 769 1995 Hispania
799 1942 997 1996 ulteriore
1028 1943 1260 1982 metiuntur
1284 1943 1409 1996 iugis,

63 2002 109 2040 in
142 1998 370 2054 Campania
406 2000 612 2052 versibus,
660 2001 771 2054 apud
807 2015 884 2041 nos
922 2003 968 2041 in
1006 2015 1107 2055 agro
1139 1999 1330 2042 Romano
1364 2015 1411 2041 ac

65 2057 216 2100 Latino
248 2061 416 2113 iugeris.
477 2062 626 2113 iugum
657 2062 820 2113 vocant,
859 2060 972 2114 quod
1002 2062 1136 2101 iuncti
1166 2060 1292 2101 boves
1325 2074 1410 2101 uno

194 2215 231 2244 12
265 2209 390 2253 itaque
425 2210 463 2244 in
488 2210 589 2244 tenui
617 2211 703 2246 Keil
729 2212 741 2254 11
771 2217 806 2244 19
833 2211 898 2246 del.
931 2211 1087 2247 Ursinus
1117 2212 1128 2256 ΙΙ
1159 2217 1198 2244 20
1222 2209 1414 2245 inclinabit

68 2257 164 2292 Keil.
225 2257 417 2291 inclinauit
453 2257 696 2299 (inclinauerit
728 2259 776 2303 V)
805 2260 816 2303 {l
844 2265 880 2294 27
914 2259 1034 2303 adque
1060 2260 1065 2305 1
1095 2259 1159 2294 dez.
1193 2258 1384 2294 Schneider
1402 2258 1413 2303 Η

67 2310 106 2337 28
131 2306 249 2349 quotu
268 2311 306 2338 2⁹
331 2305 398 2339 del.
424 2305 511 2340 Keil
536 2305 630 2350 (dice
654 2306 688 2350 v)
708 2307 719 2348 u
