1555 2527
117 75 175 116 20
669 76 910 112 VARRONIS

74 173 320 228 4quaedam
357 176 403 215 in
434 176 646 215 montanis
679 176 911 229 prolixiora
940 177 1172 215 nascuntur
1205 190 1251 216 ac
1281 175 1468 216 firmiora

115 235 287 288 propter
318 234 465 288 frigus,
498 236 546 274 ut
577 233 732 275 abietes
767 249 812 275 ac
845 237 1023 288 sappini,
1056 234 1134 288 hic,
1167 234 1279 288 quod
1308 234 1467 288 te(pi>-

115 293 248 347 diora,
293 294 441 347 populi
481 308 527 334 ac
565 294 730 334 salices:
773 309 917 335 susum
949 295 1171 347 fertiliora,
1212 297 1260 335 ut
1292 293 1465 334 arbutus

115 367 161 393 ac
203 367 397 407 quercus,
445 352 655 406 deorsum,
700 356 748 393 ut
790 367 916 394 nuces
962 367 1133 408 graecae
1177 367 1224 395 ac
1266 356 1466 394 mariscae

114 412 193 453 fici.
260 415 305 452 in
347 412 524 453 collibus
566 412 796 453 humilibus
840 415 1014 454 societas
1055 415 1188 453 maior
1229 427 1322 454 cum
1361 426 1466 453 cam·
1503 430 1519 456 5

114 474 245 525 pestri
296 472 435 512 fructu
487 486 612 525 quam
657 486 751 512 cum
794 475 1014 525 montano,
1064 475 1110 512 in
1160 473 1256 513 altis
1308 475 1464 513 contra.

73 531 286 585 5propter
326 531 426 571 haec
467 533 548 571 tria
588 531 760 585 fastigia
799 531 957 572 formae
989 531 1231 573 discrimina
1263 531 1465 586 quaedam

114 591 223 631 fiunt
273 593 501 644 sationum,
553 590 664 644 quod
719 593 878 645 segetes
928 592 1121 632 meliores
1173 593 1466 632 existimantur

115 665 203 691 esse
263 653 530 704 campestres,
590 653 734 691 vineae
794 651 988 704 collinae,
1046 651 1174 691 silvae
1230 653 1465 692 montanae.

113 711 360 764 plerumque
400 709 576 750 hiberna
614 712 666 750 iis
709 724 797 750 esse
837 711 1027 764 meliora,
1070 712 1142 764 qui
1184 711 1329 751 colunt
1361 724 1466 751 cam·
1486 727 1520 753 ιο

114 772 286 823 pestria,
326 769 438 823 quod
470 772 571 809 tunc
602 771 724 823 prata
753 769 813 810 ibi
844 769 1039 823 herbosa,
1071 771 1236 823 putatio
1269 769 1466 810 arborum

114 828 391 870 tolerabilior:
449 831 595 869 contra
650 831 808 869 aestiva
861 831 1074 870 montanis
1132 829 1235 870 locis
1287 843 1466 870 commo-

115 889 247 941 diora,
299 888 412 942 quod
454 888 514 929 ibi
558 891 649 928 tum
693 890 734 929 et
764 888 969 943 pabulum
1012 889 1212 942 multum,
1266 888 1379 943 quod
1421 891 1467 929 in

114 951 271 1002 campis
305 950 408 1001 aret,
443 950 483 989 et
515 949 681 989 cultura
713 948 911 989 arborum
943 951 1098 1002 aptior,
1131 947 1245 1002 quod
1275 950 1367 988 tum
1397 947 1466 988 hic

73 1007 308 1061 Gfrigidior
352 1022 430 1048 aer.
503 1010 733 1061 campester
776 1009 892 1049 locus
937 1011 972 1049 is
1016 1009 1182 1061 melior,
1233 1010 1306 1062 qui
1349 1009 1464 1048 totus
1486 1025 1518 1051 15

114 1067 389 1121 aequabiliter
425 1070 471 1108 in
507 1082 636 1108 unam
673 1070 836 1121 partem
866 1070 1027 1122 verget,
1073 1082 1199 1121 quam
1229 1069 1264 1108 is
1299 1069 1371 1121 qui
1404 1068 1467 1108 est

114 1127 165 1168 ad
206 1126 394 1168 libellam
435 1141 606 1181 aequos,
652 1127 764 1181 quod
804 1130 858 1180 is,
904 1142 998 1168 011111
1039 1141 1169 1181 aquae
1209 1141 1297 1168 non
1340 1126 1466 1167 habet
1513 1156 1516 1158 -

114 1187 347 1240 delapsum,
391 1186 482 1227 fieri
521 1187 627 1227 solet
661 1187 915 1241 uliginosus:
960 1201 1006 1228 eo
1039 1189 1192 1241 magis,
1238 1188 1370 1240 siquis
1403 1187 1467 1227 est

112 1246 403 1300 inaequabilis,
436 1261 482 1287 eo
510 1246 700 1300 deterior,
734 1246 847 1300 quod
871 1246 920 1287 fit
944 1248 1118 1300 propter
1142 1247 1313 1287 lacunas
1340 1259 1466 1300 aquo-

114 1321 196 1347 sus.
270 1306 370 1346 haec
414 1308 538 1360 atque
579 1305 753 1347 huiusce
793 1306 907 1347 modi
948 1309 1031 1346 tria
1070 1306 1243 1360 fastigia
1283 1308 1374 1359 agri
1415 1304 1467 1345 ad
1486 1323 1520 1348 20

114 1366 335 1407 colendum
367 1365 621 1420 disperiliter
651 1365 809 1406 habent
839 1368 1111 1407 momentum.

41 1435 101 1469 VII
235 1424 366 1478 Stolo,
395 1424 517 1474 Quod
537 1425 588 1466 ad
612 1424 721 1466 hanc
746 1426 925 1466 formam
943 1426 1178 1466 naturalem
1197 1427 1391 1478 pertinet,
1417 1423 1466 1464 de

114 1499 160 1526 00
186 1499 274 1526 11011
299 1485 562 1526 incommode
584 1482 687 1526 Cato
709 1483 764 1540 (1,
777 1483 821 1540 3)
842 1485 1008 1525 videtur
1033 1484 1179 1538 dicere,
1207 1498 1301 1525 cum
1321 1483 1467 1525 scribit

114 1547 321 1598 optimum
361 1559 510 1599 agrum
548 1559 654 1597 esse,
699 1547 771 1598 qui
805 1544 881 1585 sub
913 1544 1051 1585 radice
1082 1546 1238 1585 montis
1272 1545 1377 1584 situs
1411 1545 1466 1584 sit

72 1605 98 1645 52
115 1607 155 1645 et
187 1607 346 1658 spectet
378 1604 429 1644 ad
460 1604 734 1644 meridianam
767 1605 869 1645 caeli
895 1606 1068 1658 partem.
1119 1602 1283 1645 Subicit
1309 1601 1464 1656 Scrofa,
1485 1620 1518 1646 25

113 1663 174 1704 De
216 1664 374 1705 formae
416 1665 581 1704 cultura
619 1663 699 1704 hoc
737 1663 847 1717 dico,
893 1678 998 1717 quae
1038 1666 1173 1717 specie
1204 1662 1309 1703 fiant
1340 1677 1465 1703 venu-

114 1726 260 1776 stiora,
305 1726 423 1778 sequi
468 1726 515 1764 ut
558 1726 715 1764 maiore
760 1737 927 1777 quoque
971 1723 1111 1763 fructu
1157 1725 1258 1775 sint,
1303 1724 1351 1762 ut
1392 1724 1465 1776 qui

113 1783 269 1824 habent
307 1783 495 1836 arbusta,
540 1785 575 1823 si
614 1785 704 1824 sata
745 1785 844 1824 sunt
876 1786 921 1823 in
954 1785 1248 1837 quincuncem,
1292 1784 1465 1836 propter

113 1843 278 1884 ordines
313 1845 437 1897 atque
469 1843 693 1891 intervalla
722 1842 896 1884 modica.
945 1845 1088 1896 itaque
1118 1845 1296 1882 maiores
1327 1843 1465 1882 nostri

113 1916 161 1942 ex
194 1917 292 1943 arvo
326 1917 454 1956 aeque
485 1900 699 1956 magno[s]
728 1903 836 1943 male
863 1904 1024 1943 consito
1052 1904 1093 1942 et
1116 1903 1256 1942 minus
1282 1901 1465 1941 multum
1484 1917 1518 1943 30

113 1964 153 2002 et
185 1965 324 2002 minus
357 1962 517 2003 bonum
549 1961 759 2002 faciebant
790 1964 936 2002 vinum
968 1963 1009 2002 et
1039 1961 1310 2014 frumentum,
1351 1959 1464 2014 quod

231 2144 249 2171 2
274 2139 391 2183 suppl.
428 2138 502 2173 cod.
540 2139 660 2173 Paris.
693 2139 704 2182 ΙΙ
735 2145 772 2172 10
806 2137 961 2172 hiberna
991 2137 1037 2171 iis
1071 2148 1149 2171 esse
1180 2139 1355 2172 corrector
1385 2135 1461 2170 cod.

113 2185 218 2221 Flor.
248 2186 324 2229 (ubi
343 2196 421 2219 esse
442 2186 507 2220 del.
530 2186 640 2231 Keil).
679 2185 885 2220 hibernales
912 2196 989 2219 esse
1009 2187 1020 2230 ΙΙ
1039 2191 1075 2219 12
1094 2183 1277 2219 montanis
1296 2194 1340 2218 m.
1361 2193 1462 2217 mon-

113 2236 270 2277 tanaque
308 2232 354 2266 iis
382 2233 479 2276 Pol„
516 2236 690 2268 montana
720 2233 766 2267 iis
798 2233 850 2268 vel
881 2235 1055 2267 montana
1078 2232 1136 2266 his
1169 2242 1292 2277 apoyr.
1324 2231 1336 2275 11
1366 2237 1402 2264 14
1429 2232 1465 2264 et

113 2281 314 2315 Iucmzdus.
370 2292 412 2314 ac
442 2282 453 2325 Η
481 2288 520 2314 20
551 2282 671 2324 adque
699 2282 702 2326 Ι
731 2281 797 2327 (et)
828 2281 875 2314 ad
908 2280 994 2315 Keil
1023 2281 1034 2324 ΙΙ
1065 2286 1100 2314 21
1133 2278 1356 2323 dispariliter
1385 2277 1461 2313 eod.

114 2328 230 2363 Laur.
257 2332 289 2362 et
313 2340 333 2362 v
351 2329 421 2374 1129
448 2329 567 2372 adque
586 2330 597 2373 ΙΙ
617 2335 656 2362 30
681 2339 833 2374 magnos
860 2330 1006 2373 (magno
1040 2327 1087 2371 V)
1107 2329 1118 2372 ΙΙ
