1555 2527
84 53 166 95 108
638 53 880 88 VARRONIS

83 153 201 204 emit3
251 153 393 192 tumve
439 166 533 191 cum
576 155 622 192 in
666 152 788 193 bonis
835 155 1067 193 sectioneve
1113 155 1229 193 cuius
1273 151 1442 206 publice

41 211 226 253 5veniit.
299 213 345 251 in
389 210 540 252 horum
584 214 796 265 emptione
847 212 953 253 solet
997 212 1186 252 accedere
1229 212 1443 266 peculium

83 272 156 310 aut
176 272 310 323 excipi
331 272 372 310 et
393 271 612 323 stipulatio
639 271 903 323 intercedere,
931 270 1163 325 san[ee]um
1191 285 1290 324 esse,
1316 270 1442 311 furtis

81 332 288 382 noxisque
321 330 525 382 solutum3
571 332 660 383 aut,
700 333 735 370 si
766 333 976 384 mancipio
1009 345 1096 371 non
1130 330 1268 383 datur,
1313 329 1445 384 dupla

82 391 286 442 promitti,
326 391 409 441 aut,
453 391 487 429 si
519 392 580 429 ita
610 392 735 443 pacti,
769 391 932 443 simpla.
995 390 1111 430 cibus
1145 404 1290 431 eorum
1322 389 1444 430 debet
1481 394 1498 420 ⁵

83 462 171 488 esse
203 447 407 488 interdius
442 451 666 502 separatim
698 451 823 489 unius
858 452 1058 502 cuiusque
1086 448 1262 503 [gisnes]
1289 451 1444 503 gregis,

83 509 346 561 vespertinus
379 510 424 547 in
457 522 573 560 cena,
614 510 685 561 qui
719 511 818 548 sunt
851 508 927 548 sub
960 523 1045 549 uno
1078 510 1301 562 magistro,
1335 522 1445 549 com-

83 570 235 607 mum‘s.
285 568 537 620 magistrum
568 567 786 620 providere
819 569 987 621 oportet
1018 570 1066 607 ut
1098 570 1240 608 omnia
1270 581 1446 621 sequan-

83 628 154 666 tur
185 628 483 679 instrumenta,
529 640 634 679 quae
672 629 813 680 pecori
845 629 886 667 et
917 627 1158 680 pastoribus
1192 641 1298 681 opus
1333 628 1444 680 sunt,

83 688 263 726 maxime
305 685 356 726 ad
396 688 556 726 victum
596 686 817 726 hominum
859 688 899 726 et
940 686 991 726 ad
1031 686 1281 727 medicinam
1321 700 1444 740 pecu·
1464 690 1499 716 1⁰

85 744 196 785 dum.
259 744 311 785 ad
343 758 470 798 quam
502 759 589 785 rem
621 745 778 785 habent
809 748 998 785 iumenta
1030 745 1247 786 dossuaria
1273 745 1445 799 domini,

84 805 157 844 alii
183 818 322 857 equas,
354 804 427 844 ah'i
452 818 529 858 pro
556 806 607 844 iis
635 804 737 858 quid
763 805 880 858 aliut,
913 804 1026 858 quod
1052 819 1158 845 onus
1186 805 1310 846 dosso
1339 805 1446 845 ferre

84 862 299 917 possi[n]t.

42 924 70 964 6
206 922 326 970 Quod
378 922 430 962 ad
474 922 654 963 feturam
703 923 934 963 humanam
982 925 1166 977 pertinet
1214 925 1445 977 pastorum,

87 985 159 1036 qui
190 984 236 1022 in
267 982 399 1023 fundo
431 984 635 1035 perpetuo
667 985 851 1035 manent,
884 983 1006 1023 facile
1039 985 1112 1035 est,
1145 982 1258 1037 quod
1289 982 1447 1022 habent
1466 987 1500 1012 1⁵

86 1055 330 1082 conservam
367 1044 413 1081 in
450 1042 569 1094 villa,
613 1056 689 1082 nec
727 1042 805 1082 hac
842 1057 973 1083 venus
1015 1043 1241 1096 pastoralis
1274 1043 1446 1096 longius

86 1100 187 1154 quid
220 1103 394 1154 quaerit.
445 1103 517 1154 qui
550 1103 691 1142 autem
723 1100 858 1155 [sunt]
891 1104 937 1142 in
969 1101 1147 1142 saltibus
1181 1104 1221 1142 et
1247 1102 1448 1142 silvestri—

85 1160 163 1200 bus
209 1161 312 1201 locis
357 1162 538 1214 pascunt
582 1163 623 1201 et
662 1175 751 1202 non
791 1162 910 1214 villa,
956 1161 1027 1202 sed
1068 1164 1172 1202 casis
1214 1162 1445 1214 repentinis

85 1219 239 1260 imbres
278 1222 431 1272 vitant,
475 1223 527 1260 iis
559 1221 755 1261 mulieres
789 1220 1033 1275 adiungere,
1079 1235 1184 1275 quae
1218 1221 1448 1274 sequantur

86 1293 234 1333 greges
280 1293 326 1319 ac
371 1279 528 1319 cibaria
576 1280 819 1333 pastoribus
871 1280 1094 1334 expediant
1144 1294 1298 1334 eosque
1347 1281 1448 1320 assi·
1467 1284 1502 1309 2⁰

47 1339 69 1380 7
88 1338 252 1379 duiores
286 1338 452 1391 faciant,
488 1339 593 1379 utile
625 1339 818 1380 arbitrati
849 1341 986 1381 multi.
1049 1339 1120 1380 sed
1152 1354 1219 1380 eas
1250 1339 1447 1380 mulieres

88 1412 176 1438 esse
209 1400 376 1451 oportet
407 1397 566 1451 firmas,
607 1413 695 1440 non
726 1401 889 1453 turpes,
931 1413 1037 1453 quae
1068 1402 1115 1440 in
1147 1413 1270 1453 opere
1300 1398 1447 1439 multis

87 1457 331 1510 regionibus
381 1472 470 1498 non
517 1457 669 1498 cedunt
712 1461 831 1512 viris,
882 1460 930 1498 ut
977 1461 1025 1499 in
1067 1457 1239 1512 Illyrico
1288 1460 1448 1512 passim

88 1516 226 1557 videre
263 1517 377 1570 licet,
423 1517 536 1571 quod
573 1519 639 1558 vel
676 1532 845 1571 pascere
876 1532 1003 1572 pecus
1036 1519 1103 1559 vel
1135 1517 1186 1558 ad
1217 1517 1359 1559 focum
1391 1516 1448 1557 af-

88 1576 195 1616 ferre
232 1576 350 1629 ligna
389 1591 435 1617 ac
474 1577 614 1617 cibum
652 1591 828 1631 coquere
866 1578 933 1618 vel
965 1577 1016 1618 ad
1048 1592 1163 1618 casas
1195 1579 1449 1617 instrumen-
1468 1582 1502 1607 2⁵

47 1635 180 1676 8tum
220 1650 380 1676 servare
418 1639 610 1689 possunt.
673 1636 722 1677 de
759 1639 974 1677 nutricatu
1011 1637 1092 1677 hoc
1130 1636 1239 1689 dico,
1284 1635 1448 1677 easdem

89 1694 174 1735 fere
216 1697 256 1734 et
296 1697 480 1736 nutrices
521 1698 560 1735 et
597 1698 751 1737 matres
792 1695 967 1750 [semel].
1031 1695 1167 1737 Simul
1208 1697 1360 1749 aspicit
1397 1694 1449 1736 ad

88 1768 154 1794 me
187 1756 244 1806 et,
277 1753 335 1795 Vt
373 1757 413 1794 te
452 1755 565 1796 audii
598 1754 750 1809 dicere,
794 1758 952 1809 inquit,
997 1770 1092 1796 cum
1123 1758 1169 1796 in
1200 1753 1450 1795 Liburniam

89 1815 285 1866 venisses,
318 1816 358 1854 te
390 1814 542 1855 vidisse
574 1817 728 1856 matres
761 1815 943 1856 familias
977 1829 1122 1856 eorum
1153 1814 1299 1855 afferre
1330 1815 1450 1868 ligna

91 1874 131 1912 et
177 1873 302 1913 simul
345 1887 516 1926 pueros,
562 1887 666 1927 quos
713 1876 889 1928 alerent,
935 1875 1037 1915 alias
1084 1874 1294 1928 singulos,
1344 1874 1448 1914 alias
1468 1879 1503 1905 8⁰

90 1931 231 1984 binos,
285 1945 391 1985 quae
436 1933 709 1974 ostenderunt
752 1934 857 1975 fetas
901 1936 1087 1987 nostras,
1141 1947 1246 1987 quae
1295 1935 1342 1974 in
1385 1947 1450 1974 co-

210 2065 229 2092 3
255 2069 384 2092 sanum
399 2060 486 2094 Keil
512 2061 600 2096 duce
620 2073 650 2096 v.
692 2072 778 2096 sane
799 2073 883 2096 eum
901 2063 913 2106 Η
933 2068 951 2094 6
971 2061 1038 2096 del.
1052 2073 1114 2096 ‘mv
1134 2062 1146 2106 ΙΙ
1167 2060 1195 2094 7'
1207 2072 1260 2104 sq.
1281 2060 1346 2104 qui
1367 2063 1452 2095 sunt

93 2105 172 2149 (qui
199 2106 246 2140 sit
279 2107 326 2151 V)
361 2108 365 2151 {
402 2118 611 2142 communes
639 2110 732 2150 Pol„
768 2109 971 2143 eommunis
1005 2119 1128 2153 apoyr.
1161 2109 1172 2152 ss
1202 2115 1221 2141 9
1247 2118 1340 2152 opus
1366 2110 1452 2142 sunt

94 2155 198 2197 (opus
232 2153 305 2187 sint
338 2155 384 2199 V)
423 2156 434 2199 ΙΙ
470 2162 506 2188 12
534 2156 624 2198 quid
650 2156 742 2190 aliut
774 2157 853 2200 (qui
885 2157 987 2190 aliud
1013 2157 1151 2201 apoyr)
1190 2157 1201 2200 ΙΙ
1237 2162 1274 2189 13
1300 2155 1367 2190 del.
1393 2167 1415 2191 v

92 2207 127 2234 17
156 2201 300 2244 quaerit
325 2213 355 2236 υ.
408 2203 554 2245 quaeris
578 2204 581 2248 Ι
605 2204 671 2238 del.
700 2205 788 2239 Keil
806 2206 817 2248 Η
837 2211 875 2238 223
902 2205 1036 2238 cedunt
1068 2203 1233 2239 Ursinus.
1284 2203 1415 2237 cedant

93 2255 129 2282 27
157 2248 223 2283 del.
250 2260 270 2283 υ
300 2250 315 2294 ΙΙ
344 2255 382 2282 28
409 2250 541 2293 inquid
571 2252 582 2295 ΙΙ
614 2257 654 2284 30
679 2251 819 2286 alerant
848 2252 999 2296 (alerent
1032 2251 1078 2296 Γ)
1111 2253 1122 2296 ΙΙ
1152 2257 1189 2284 81
1214 2250 1452 2285 ostenderunt

93 2296 303 2340 (ostendunt
335 2296 382 2342 V)
403 2298 414 2341 Η
