1555 2527
101 78 158 119 22
651 79 891 114 VARRONIS

59 176 84 218 8
101 177 246 218 scribit
263 177 578 232 Theophrastus
600 175 702 230 (14,
715 176 760 231 3)
781 179 941 231 palmas
963 180 1003 218 et
1023 178 1210 232 squillas.
1248 179 1292 218 in
1313 176 1452 219 Gaffia

100 237 362 291 transalpina
392 239 520 290 intus,
553 237 603 277 ad
636 236 830 277 Rhenum
864 252 957 278 cum
990 239 1215 278 exercitum
1248 236 1450 290 ducerem,

101 297 264 350 aliquot
306 299 498 351 regiones
543 299 713 350 accessi,
757 296 830 337 ubi
873 311 949 337 nec
992 299 1089 337 vitis
1130 310 1206 337 nec
1247 297 1339 338 olea
1374 310 1451 338 nec

100 370 226 410 poma
257 359 545 409 nascerentur,
586 355 659 396 ubi
697 370 820 410 agros
855 358 1132 397 stercorarent
1164 355 1340 397 candida
1370 356 1451 397 fos-

102 418 203 456 sicia
243 418 370 468 creta,
415 415 487 456 ubi
530 416 659 456 salem
699 429 774 456 nec
815 416 1033 456 fossicium
1074 429 1151 456 nec
1193 417 1452 456 maritimum
1489 431 1505 458 5

100 475 319 528 haberent,
359 475 429 515 sed
468 489 515 516 ex
559 474 809 529 quibusdam
841 476 969 528 lignis
1003 474 1232 516 combustis
1265 474 1453 516 carboni-

62 534 179 575 9bus
214 535 334 575 salsis
367 549 443 588 pro
477 549 524 575 eo
558 536 786 575 uterentur.
839 533 969 587 Stolo,
1003 532 1106 575 Cato
1134 534 1302 588 quidem
1328 532 1382 588 (1,
1398 533 1454 589 6),

102 596 252 648 inquit,
279 594 488 648 gradatim
510 608 772 647 praeponens
800 594 929 634 alium
955 594 1037 635 alio
1065 607 1214 648 agrum
1238 594 1455 635 meliorem

103 654 204 695 dicit
236 668 324 694 esse
355 656 400 694 in
431 667 580 694 novem
615 652 938 706 discriminibus,
971 653 1083 707 quod
1115 655 1171 694 sit
1194 655 1355 708 primus
1381 652 1455 694 ubi

102 716 247 754 vineae
278 715 445 767 possint
477 727 566 753 esse
597 712 709 753 bono
742 715 840 753 vino
874 715 915 753 et
945 713 1098 765 multo,
1144 712 1348 754 secundus
1381 712 1509 754 ubi1o

102 772 306 827 <h>ortus
326 775 534 827 inriguus,
554 774 703 812 tertius
725 771 798 812 ubi
819 772 976 824 salicta,
1003 774 1176 826 quartus
1197 771 1270 812 ubi
1290 773 1455 825 oliveta,

104 834 276 886 quintus
316 831 389 872 ubi
420 834 606 886 pratum,
645 833 785 872 sextus
825 831 898 871 ubi
936 845 1106 885 campus
1145 831 1456 884 frumentarius,

105 894 306 946 septimus
333 891 406 932 ubi
432 891 587 932 caedua
612 892 728 943 silva,
760 893 931 932 octavus
958 889 1031 931 ubi
1057 890 1287 943 arbustum,
1317 905 1456 932 nonus

37 949 90 991 10
104 951 177 992 ubi
203 951 423 1005 glandaria
450 952 566 992 silva.
619 949 774 1003 Scrofa,
803 949 910 1003 Scio,
935 953 1087 1004 inquit,
1114 950 1292 991 scribere
1316 951 1457 1003 illum3

105 1010 177 1052 sed
220 1010 268 1051 de
312 1011 392 1051 hoc
434 1024 521 1051 non
566 1012 835 1051 consentiunt
878 1024 1040 1063 omnes,
1085 1010 1198 1064 quod
1241 1011 1314 1050 alfi
1357 1009 1458 1050 dant
1478 1025 1510 1052 15

105 1072 334 1124 primatum
376 1070 498 1111 bonis
543 1072 692 1124 pratis,
738 1073 785 1110 ut
823 1084 919 1124 ego,
964 1084 987 1110 a
1027 1084 1110 1124 quo
1144 1068 1259 1124 [que]
1293 1071 1456 1124 antiqui

105 1132 226 1184 prata
266 1132 412 1184 parata
444 1131 723 1184 appellarunt.
786 1128 939 1171 Caesar
970 1128 1196 1183 Vopiscus,
1241 1128 1455 1170 aedilicius
1512 1144 1515 1146 ·

107 1204 274 1231 causam
325 1204 420 1230 cum
471 1192 613 1243 ageret
663 1189 774 1243 apud
825 1203 1033 1241 censores,
1085 1203 1252 1243 campos
1296 1187 1457 1229 Roseae

107 1249 254 1290 Italiae
298 1249 405 1289 dixit
449 1263 537 1290 esse
583 1263 746 1301 sumen,
790 1251 836 1289 in
881 1262 963 1302 quo
1004 1249 1151 1290 relicta
1187 1250 1346 1302 pertica
1385 1262 1458 1302 po-

11 1309 251 1351 VIIIstridie
287 1323 374 1350 non
416 1311 635 1363 appareret
666 1311 839 1362 propter
869 1307 1053 1349 herbam.
1116 1310 1263 1349 contra
1292 1309 1458 1348 vineam
1478 1323 1512 1348 πο

108 1371 207 1409 sunt
239 1370 311 1422 qui
342 1370 495 1422 putent
527 1370 699 1422 sumptu
731 1369 916 1408 fructum
948 1367 1156 1408 devorare.

224 1427 379 1481 Refert,
411 1431 597 1482 inquam,
630 1427 743 1482 quod
774 1442 907 1481 genus
939 1429 1084 1468 vineae
1117 1429 1183 1480 sit,
1216 1426 1329 1481 quod
1361 1428 1460 1466 sunt

106 1488 264 1528 multae
305 1490 461 1541 species
504 1489 604 1528 eius.
679 1488 784 1528 aliae
826 1489 939 1528 enim
975 1487 1155 1527 humiles
1195 1500 1242 1527 ac
1280 1488 1370 1527 sine
1406 1488 1459 1526 ri-

108 1547 229 1601 dicis,
263 1549 312 1587 ut
342 1550 388 1588 in
419 1546 645 1601 Hispania,
679 1548 783 1587 aliae
816 1547 1034 1600 sublimes,
1066 1545 1148 1600 [ut]
1182 1560 1287 1600 quae
1319 1546 1458 1599 appel—

108 1608 250 1648 lantur
280 1609 461 1661 iugatae,
493 1609 541 1647 ut
571 1608 793 1661 pleraeque
823 1608 869 1646 in
900 1605 1035 1647 Italia.
1096 1605 1254 1658 †cuius
1286 1607 1460 1646 nomina
1479 1620 1512 1646 25

110 1666 209 1719 duo,
247 1667 495 1720 pedamenta
527 1668 567 1706 et
598 1669 710 1720 iuga.
773 1665 925 1720 quibus
959 1668 1042 1706 stat
1073 1667 1195 1706 rectis
1228 1666 1367 1717 vinea,
1400 1663 1458 1705 dj-

111 1728 262 1767 cuntur
305 1726 569 1780 pedamenta3
615 1740 720 1780 quae
763 1727 1002 1766 transversa
1043 1726 1297 1779 iunguntur,
1341 1726 1458 1778 iuga:

69 1785 161 1826 2ab
205 1800 252 1826 eo
298 1800 465 1840 quoque
507 1788 652 1826 vineae
689 1787 868 1839 iugatae.
938 1786 1137 1838 iugorum
1180 1797 1333 1838 genera
1375 1783 1460 1824 fere

113 1847 324 1899 quattuor,
363 1847 531 1899 pertica,
569 1845 774 1898 harundo,
806 1846 949 1898 restes,
979 1846 1102 1884 vites:
1135 1845 1305 1897 pertica,
1337 1844 1385 1883 ut
1414 1844 1458 1884 in

111 1904 303 1957 Falerno,
335 1904 537 1957 harundo,
571 1907 619 1945 ut
648 1907 694 1945 in
726 1903 912 1958 Arpano,
947 1906 1088 1956 restes,
1127 1905 1174 1943 ut
1204 1905 1250 1943 in
1280 1901 1460 1943 Brundi·
1479 1917 1514 1943 30

113 1966 223 2018 sino,
273 1966 395 2017 vites,
446 1966 493 2004 ut
535 1967 581 2004 in
629 1964 945 2005 Mediolanensi.
1023 1964 1254 2017 iugationis
1305 1963 1460 2016 species

114 2023 235 2077 duae,
279 2038 363 2064 una
402 2023 580 2076 derecta,
624 2026 672 2064 ut
702 2026 749 2064 in
780 2037 881 2078 agro
915 2021 1145 2074 Canusino,
1191 2022 1322 2062 altera
1353 2035 1461 2062 com-

114 2084 304 2137 pluviata
341 2086 385 2123 in
417 2083 729 2138 longitudinem
761 2085 802 2124 et
833 2081 1099 2123 latitudinem
1130 2083 1293 2135 iugata,
1337 2082 1385 2121 ut
1414 2082 1461 2121 in

113 2142 238 2183 Italia
268 2143 501 2196 pleraeque.
556 2143 656 2184 haec
688 2143 762 2183 ubi
794 2142 917 2183 domo
948 2143 1191 2193 nascuntur,
1222 2142 1345 2180 vinea
1373 2153 1462 2180 non

233 2289 248 2315 1
291 2282 441 2325 squillas
474 2294 503 2317 v
557 2282 728 2325 squillam
758 2284 770 2326 {ff
807 2288 825 2315 3
851 2281 1001 2325 aliquod
1031 2282 1043 2325 ΙΙ
1069 2288 1107 2314 16
1132 2280 1199 2315 del.
1236 2291 1258 2315 v
1287 2280 1299 2323 Ι]
1330 2285 1369 2313 24
1394 2279 1461 2314 del.

116 2330 204 2364 Keil
228 2329 314 2375 (effi)
334 2331 345 2375 ΙΙ
365 2337 402 2364 25
429 2330 531 2364 cuius
558 2329 759 2376 (generis)
787 2329 873 2364 Keil
890 2331 902 2374 ss
