<?xml version="1.0" encoding="UTF-8"?>
<!DOCTYPE html PUBLIC "-//W3C//DTD XHTML 1.0 Transitional//EN"
    "http://www.w3.org/TR/xhtml1/DTD/xhtml1-transitional.dtd">
<html xmlns="http://www.w3.org/1999/xhtml" xml:lang="en" lang="en">
 <head>
  <title>
</title>
<meta http-equiv="Content-Type" content="text/html;charset=utf-8" />
  <meta name='ocr-system' content='tesseract 3.04.00' />
  <meta name='ocr-capabilities' content='ocr_page ocr_carea ocr_par ocr_line ocrx_word'/>
</head>
<body>
  <div class='ocr_page' id='page_1' title='image "./rerumrusticaruml00varruoft_0147.png"; bbox 0 0 1560 2506; ppageno 0'>
   <div class='ocr_carea' id='block_1_1' title="bbox 404 117 1445 160">
    <p class='ocr_par' dir='ltr' id='par_1_1' title="bbox 404 117 1445 160">
     <span class='ocr_line' id='line_1_1' title="bbox 404 117 1445 160; baseline 0.009 -9"><span class='ocrx_word' id='word_1_1' title='bbox 404 118 572 153; x_wconf 81' lang='lat' dir='ltr'><strong>RERVM</strong></span> <span class='ocrx_word' id='word_1_2' title='bbox 598 117 904 153; x_wconf 79' lang='lat' dir='ltr'>RVSTICARVM</span> <span class='ocrx_word' id='word_1_3' title='bbox 928 117 1013 152; x_wconf 93' lang='lat' dir='ltr'><strong>LIB.</strong></span> <span class='ocrx_word' id='word_1_4' title='bbox 1033 117 1082 151; x_wconf 87' lang='grc' dir='ltr'>ΠΙ</span> <span class='ocrx_word' id='word_1_5' title='bbox 1110 121 1130 152; x_wconf 89' lang='lat'>5</span> <span class='ocrx_word' id='word_1_6' title='bbox 1361 119 1445 160; x_wconf 74' lang='lat'>125</span> 
     </span>
    </p>
   </div>
   <div class='ocr_carea' id='block_1_2' title="bbox 87 214 1492 445">
    <p class='ocr_par' dir='ltr' id='par_1_2' title="bbox 87 214 1492 445">
     <span class='ocr_line' id='line_1_2' title="bbox 87 214 1442 268; baseline -0.001 -11"><span class='ocrx_word' id='word_1_7' title='bbox 87 216 206 257; x_wconf 87' lang='lat' dir='ltr'>locus</span> <span class='ocrx_word' id='word_1_8' title='bbox 251 230 300 256; x_wconf 83' lang='lat' dir='ltr'>ex</span> <span class='ocrx_word' id='word_1_9' title='bbox 344 215 503 256; x_wconf 88' lang='lat' dir='ltr'>duabus</span> <span class='ocrx_word' id='word_1_10' title='bbox 547 215 738 268; x_wconf 86' lang='lat' dir='ltr'>partibus</span> <span class='ocrx_word' id='word_1_11' title='bbox 783 214 928 254; x_wconf 87' lang='lat' dir='ltr'>dextra</span> <span class='ocrx_word' id='word_1_12' title='bbox 966 216 1006 254; x_wconf 93' lang='lat' dir='ltr'>et</span> <span class='ocrx_word' id='word_1_13' title='bbox 1044 217 1215 255; x_wconf 80' lang='lat' dir='ltr'>sinistra</span> <span class='ocrx_word' id='word_1_14' title='bbox 1254 218 1442 256; x_wconf 79' lang='lat' dir='ltr'>maceriis</span> 
     </span>
     <span class='ocr_line' id='line_1_3' title="bbox 87 274 1492 327; baseline 0 -12"><span class='ocrx_word' id='word_1_15' title='bbox 87 275 185 316; x_wconf 88' lang='lat' dir='ltr'>altis</span> <span class='ocrx_word' id='word_1_16' title='bbox 228 276 461 316; x_wconf 76' lang='lat' dir='ltr'>conclusus.</span> <span class='ocrx_word' id='word_1_17' title='bbox 534 276 644 314; x_wconf 90' lang='lat' dir='ltr'>inter</span> <span class='ocrx_word' id='word_1_18' title='bbox 688 287 790 327; x_wconf 85' lang='lat' dir='ltr'>quas</span> <span class='ocrx_word' id='word_1_19' title='bbox 835 274 952 314; x_wconf 90' lang='lat' dir='ltr'>locus</span> <span class='ocrx_word' id='word_1_20' title='bbox 991 276 1064 326; x_wconf 92' lang='lat' dir='ltr'>qui</span> <span class='ocrx_word' id='word_1_21' title='bbox 1105 276 1167 314; x_wconf 91' lang='lat' dir='ltr'>est</span> <span class='ocrx_word' id='word_1_22' title='bbox 1205 274 1442 315; x_wconf 84' lang='lat' dir='ltr'>ornithonis</span> <span class='ocrx_word' id='word_1_23' title='bbox 1489 300 1492 303; x_wconf 61' lang='lat'><em>‹</em></span> 
     </span>
     <span class='ocr_line' id='line_1_4' title="bbox 87 331 1444 388; baseline -0.001 -14"><span class='ocrx_word' id='word_1_24' title='bbox 87 332 222 388; x_wconf 87' lang='lat' dir='ltr'>[patet</span> <span class='ocrx_word' id='word_1_25' title='bbox 261 337 307 375; x_wconf 92' lang='lat' dir='ltr'>in</span> <span class='ocrx_word' id='word_1_26' title='bbox 346 333 614 374; x_wconf 83' lang='lat' dir='ltr'>latitudinem</span> <span class='ocrx_word' id='word_1_27' title='bbox 652 332 776 386; x_wconf 89' lang='lat' dir='ltr'>pedes</span> <span class='ocrx_word' id='word_1_28' title='bbox 810 331 968 386; x_wconf 80' lang='lat' dir='ltr'>XLVIII]</span> <span class='ocrx_word' id='word_1_29' title='bbox 1008 332 1263 373; x_wconf 84' lang='lat' dir='ltr'>deformatus</span> <span class='ocrx_word' id='word_1_30' title='bbox 1302 333 1354 373; x_wconf 88' lang='lat' dir='ltr'>ad</span> <span class='ocrx_word' id='word_1_31' title='bbox 1384 336 1444 373; x_wconf 90' lang='lat' dir='ltr'>ta—</span> 
     </span>
     <span class='ocr_line' id='line_1_5' title="bbox 88 391 1441 445; baseline -0.001 -12"><span class='ocrx_word' id='word_1_32' title='bbox 88 393 212 433; x_wconf 87' lang='lat' dir='ltr'>bulae</span> <span class='ocrx_word' id='word_1_33' title='bbox 255 394 481 433; x_wconf 88' lang='lat' dir='ltr'>litterariae</span> <span class='ocrx_word' id='word_1_34' title='bbox 527 395 707 445; x_wconf 91' lang='lat' dir='ltr'>speciem</span> <span class='ocrx_word' id='word_1_35' title='bbox 750 406 844 432; x_wconf 90' lang='lat' dir='ltr'>cum</span> <span class='ocrx_word' id='word_1_36' title='bbox 883 392 1086 445; x_wconf 88' lang='lat' dir='ltr'>capitulo,</span> <span class='ocrx_word' id='word_1_37' title='bbox 1131 392 1266 433; x_wconf 87' lang='lat' dir='ltr'>forma</span> <span class='ocrx_word' id='word_1_38' title='bbox 1301 391 1441 445; x_wconf 88' lang='lat' dir='ltr'>qua[e]</span> 
     </span>
    </p>
   </div>
   <div class='ocr_carea' id='block_1_3' title="bbox 52 450 1443 506">
    <p class='ocr_par' dir='ltr' id='par_1_3' title="bbox 52 450 1443 506">
     <span class='ocr_line' id='line_1_6' title="bbox 52 450 1443 506; baseline -0.001 -12"><span class='ocrx_word' id='word_1_39' title='bbox 52 470 68 495; x_wconf 82' lang='lat'>5</span> <span class='ocrx_word' id='word_1_40' title='bbox 89 454 152 492; x_wconf 89' lang='lat' dir='ltr'>est</span> <span class='ocrx_word' id='word_1_41' title='bbox 177 452 390 506; x_wconf 89' lang='lat' dir='ltr'>quadrata,</span> <span class='ocrx_word' id='word_1_42' title='bbox 416 453 532 505; x_wconf 89' lang='lat' dir='ltr'>patet</span> <span class='ocrx_word' id='word_1_43' title='bbox 557 454 603 492; x_wconf 93' lang='lat' dir='ltr'>in</span> <span class='ocrx_word' id='word_1_44' title='bbox 628 451 896 491; x_wconf 75' lang='lat' dir='ltr'>latitudinem</span> <span class='ocrx_word' id='word_1_45' title='bbox 915 450 1038 504; x_wconf 86' lang='lat' dir='ltr'>pedes</span> <span class='ocrx_word' id='word_1_46' title='bbox 1061 462 1213 504; x_wconf 86' lang='lat' dir='ltr'>XLVIII,</span> <span class='ocrx_word' id='word_1_47' title='bbox 1239 454 1285 491; x_wconf 92' lang='lat' dir='ltr'>in</span> <span class='ocrx_word' id='word_1_48' title='bbox 1307 452 1443 505; x_wconf 87' lang='lat' dir='ltr'>longi-</span> 
     </span>
    </p>
   </div>
   <div class='ocr_carea' id='block_1_4' title="bbox 85 510 1510 742">
    <p class='ocr_par' dir='ltr' id='par_1_4' title="bbox 85 510 1510 742">
     <span class='ocr_line' id='line_1_7' title="bbox 88 510 1442 564; baseline -0.001 -13"><span class='ocrx_word' id='word_1_49' title='bbox 88 511 277 551; x_wconf 76' lang='lat' dir='ltr'>tudinem</span> <span class='ocrx_word' id='word_1_50' title='bbox 313 510 437 564; x_wconf 88' lang='lat' dir='ltr'>pedes</span> <span class='ocrx_word' id='word_1_51' title='bbox 470 521 613 563; x_wconf 80' lang='lat' dir='ltr'>LXX113</span> <span class='ocrx_word' id='word_1_52' title='bbox 658 510 795 564; x_wconf 84' lang='lat' dir='ltr'>quaad</span> <span class='ocrx_word' id='word_1_53' title='bbox 832 511 1064 563; x_wconf 89' lang='lat' dir='ltr'>capitulum</span> <span class='ocrx_word' id='word_1_54' title='bbox 1105 510 1337 550; x_wconf 87' lang='lat' dir='ltr'>rutundum</span> <span class='ocrx_word' id='word_1_55' title='bbox 1369 513 1442 563; x_wconf 89' lang='lat' dir='ltr'>est,</span> 
     </span>
     <span class='ocr_line' id='line_1_8' title="bbox 86 569 1510 624; baseline 0.002 -14"><span class='ocrx_word' id='word_1_56' title='bbox 86 570 210 624; x_wconf 90' lang='lat' dir='ltr'>pedes</span> <span class='ocrx_word' id='word_1_57' title='bbox 243 581 382 611; x_wconf 86' lang='lat' dir='ltr'>XXVII.</span> <span class='ocrx_word' id='word_1_58' title='bbox 444 569 496 610; x_wconf 83' lang='lat' dir='ltr'>ad</span> <span class='ocrx_word' id='word_1_59' title='bbox 527 569 638 622; x_wconf 88' lang='lat' dir='ltr'>haec,</span> <span class='ocrx_word' id='word_1_60' title='bbox 675 572 736 609; x_wconf 89' lang='lat' dir='ltr'>ita</span> <span class='ocrx_word' id='word_1_61' title='bbox 766 571 814 609; x_wconf 92' lang='lat' dir='ltr'>ut</span> <span class='ocrx_word' id='word_1_62' title='bbox 845 572 891 609; x_wconf 91' lang='lat' dir='ltr'>in</span> <span class='ocrx_word' id='word_1_63' title='bbox 921 572 1111 623; x_wconf 83' lang='lat' dir='ltr'>margine</span> <span class='ocrx_word' id='word_1_64' title='bbox 1144 572 1264 621; x_wconf 87' lang='lat' dir='ltr'>quasi</span> <span class='ocrx_word' id='word_1_65' title='bbox 1294 570 1440 610; x_wconf 89' lang='lat' dir='ltr'>infimo</span> <span class='ocrx_word' id='word_1_66' title='bbox 1459 572 1510 614; x_wconf 95' lang='grc'>11</span> 
     </span>
     <span class='ocr_line' id='line_1_9' title="bbox 86 628 1442 682; baseline -0.001 -13"><span class='ocrx_word' id='word_1_67' title='bbox 86 629 255 669; x_wconf 87' lang='lat' dir='ltr'>tabulae</span> <span class='ocrx_word' id='word_1_68' title='bbox 293 629 501 682; x_wconf 88' lang='lat' dir='ltr'>descripta</span> <span class='ocrx_word' id='word_1_69' title='bbox 539 631 610 682; x_wconf 84' lang='lat' dir='ltr'>sit,</span> <span class='ocrx_word' id='word_1_70' title='bbox 655 628 904 680; x_wconf 71' lang='lat' dir='ltr'>ambulatio,</span> <span class='ocrx_word' id='word_1_71' title='bbox 949 628 1000 668; x_wconf 90' lang='lat' dir='ltr'>ab</span> <span class='ocrx_word' id='word_1_72' title='bbox 1034 628 1258 669; x_wconf 88' lang='lat' dir='ltr'>ornithone</span> <span class='ocrx_word' id='word_1_73' title='bbox 1289 628 1319 681; x_wconf 79' lang='lat'>†</span> <span class='ocrx_word' id='word_1_74' title='bbox 1350 629 1442 681; x_wconf 92' lang='lat' dir='ltr'>plu-</span> 
     </span>
     <span class='ocr_line' id='line_1_10' title="bbox 85 686 1440 742; baseline -0.001 -14"><span class='ocrx_word' id='word_1_75' title='bbox 85 689 217 740; x_wconf 86' lang='lat' dir='ltr'>mula,</span> <span class='ocrx_word' id='word_1_76' title='bbox 258 691 304 728; x_wconf 91' lang='lat' dir='ltr'>in</span> <span class='ocrx_word' id='word_1_77' title='bbox 342 702 424 742; x_wconf 88' lang='lat' dir='ltr'>qua</span> <span class='ocrx_word' id='word_1_78' title='bbox 460 688 597 728; x_wconf 86' lang='lat' dir='ltr'>media</span> <span class='ocrx_word' id='word_1_79' title='bbox 636 690 735 728; x_wconf 89' lang='lat' dir='ltr'>sunt</span> <span class='ocrx_word' id='word_1_80' title='bbox 766 702 929 740; x_wconf 81' lang='lat' dir='ltr'>caveae,</span> <span class='ocrx_word' id='word_1_81' title='bbox 974 701 1057 741; x_wconf 86' lang='lat' dir='ltr'>qua</span> <span class='ocrx_word' id='word_1_82' title='bbox 1087 690 1286 728; x_wconf 84' lang='lat' dir='ltr'>introitus</span> <span class='ocrx_word' id='word_1_83' title='bbox 1321 686 1440 741; x_wconf 88' lang='lat' dir='ltr'>[itur]</span> 
     </span>
    </p>
   </div>
   <div class='ocr_carea' id='block_1_5' title="bbox 33 746 1442 800">
    <p class='ocr_par' dir='ltr' id='par_1_5' title="bbox 33 746 1442 800">
     <span class='ocr_line' id='line_1_11' title="bbox 33 746 1442 800; baseline -0.002 -11"><span class='ocrx_word' id='word_1_84' title='bbox 33 765 67 790; x_wconf 87' lang='grc' dir='ltr'>ιο</span> <span class='ocrx_word' id='word_1_85' title='bbox 85 750 131 788; x_wconf 85' lang='grc'>111</span> <span class='ocrx_word' id='word_1_86' title='bbox 162 761 300 787; x_wconf 86' lang='lat' dir='ltr'>aream</span> <span class='ocrx_word' id='word_1_87' title='bbox 333 750 405 788; x_wconf 90' lang='lat' dir='ltr'>est.</span> <span class='ocrx_word' id='word_1_88' title='bbox 454 750 499 788; x_wconf 92' lang='lat' dir='ltr'>in</span> <span class='ocrx_word' id='word_1_89' title='bbox 530 748 686 800; x_wconf 85' lang='lat' dir='ltr'>limine,</span> <span class='ocrx_word' id='word_1_90' title='bbox 717 750 763 787; x_wconf 91' lang='lat' dir='ltr'>in</span> <span class='ocrx_word' id='word_1_91' title='bbox 794 747 995 787; x_wconf 89' lang='lat' dir='ltr'>lateribus</span> <span class='ocrx_word' id='word_1_92' title='bbox 1029 746 1173 787; x_wconf 83' lang='lat' dir='ltr'>dextra</span> <span class='ocrx_word' id='word_1_93' title='bbox 1205 749 1245 787; x_wconf 88' lang='lat' dir='ltr'>et</span> <span class='ocrx_word' id='word_1_94' title='bbox 1271 749 1442 787; x_wconf 88' lang='lat' dir='ltr'>sinistra</span> 
     </span>
    </p>
   </div>
   <div class='ocr_carea' id='block_1_6' title="bbox 32 1059 63 1085">
    <p class='ocr_par' dir='ltr' id='par_1_6' title="bbox 32 1059 63 1085">
     <span class='ocr_line' id='line_1_12' title="bbox 32 1059 63 1085; baseline 0 0"><span class='ocrx_word' id='word_1_95' title='bbox 32 1059 63 1085; x_wconf 85' lang='lat'>15</span> 
     </span>
    </p>
   </div>
   <div class='ocr_carea' id='block_1_7' title="bbox 30 1356 64 1381">
    <p class='ocr_par' dir='ltr' id='par_1_7' title="bbox 30 1356 64 1381">
     <span class='ocr_line' id='line_1_13' title="bbox 30 1356 64 1381; baseline 0 0"><span class='ocrx_word' id='word_1_96' title='bbox 30 1356 64 1381; x_wconf 82' lang='lat'>20</span> 
     </span>
    </p>
   </div>
   <div class='ocr_carea' id='block_1_8' title="bbox 28 1650 61 1676">
    <p class='ocr_par' dir='ltr' id='par_1_8' title="bbox 28 1650 61 1676">
     <span class='ocr_line' id='line_1_14' title="bbox 28 1650 61 1676; baseline 0 0"><span class='ocrx_word' id='word_1_97' title='bbox 28 1650 61 1676; x_wconf 85' lang='lat'>25</span> 
     </span>
    </p>
   </div>
   <div class='ocr_carea' id='block_1_9' title="bbox 27 1946 61 1971">
    <p class='ocr_par' dir='ltr' id='par_1_9' title="bbox 27 1946 61 1971">
     <span class='ocr_line' id='line_1_15' title="bbox 27 1946 61 1971; baseline 0 0"><span class='ocrx_word' id='word_1_98' title='bbox 27 1946 61 1971; x_wconf 83' lang='lat'>30</span> 
     </span>
    </p>
   </div>
   <div class='ocr_carea' id='block_1_10' title="bbox 79 806 1510 2043">
    <p class='ocr_par' dir='ltr' id='par_1_10' title="bbox 79 806 1510 2043">
     <span class='ocr_line' id='line_1_16' title="bbox 83 806 1439 860; baseline -0.001 -13"><span class='ocrx_word' id='word_1_99' title='bbox 83 808 271 860; x_wconf 89' lang='lat' dir='ltr'>porticus</span> <span class='ocrx_word' id='word_1_100' title='bbox 306 809 404 847; x_wconf 88' lang='lat' dir='ltr'>sunt</span> <span class='ocrx_word' id='word_1_101' title='bbox 435 806 690 860; x_wconf 88' lang='lat' dir='ltr'>primoribus</span> <span class='ocrx_word' id='word_1_102' title='bbox 724 806 929 848; x_wconf 79' lang='lat' dir='ltr'>columnis</span> <span class='ocrx_word' id='word_1_103' title='bbox 962 806 1150 859; x_wconf 82' lang='lat' dir='ltr'>lapideis,</span> <span class='ocrx_word' id='word_1_104' title='bbox 1183 820 1260 859; x_wconf 91' lang='lat' dir='ltr'>pro</span> <span class='ocrx_word' id='word_1_105' title='bbox 1292 806 1439 846; x_wconf 89' lang='lat' dir='ltr'>mediis</span> 
     </span>
     <span class='ocr_line' id='line_1_17' title="bbox 84 864 1440 919; baseline -0.001 -13"><span class='ocrx_word' id='word_1_106' title='bbox 84 864 390 919; x_wconf 85' lang='lat' dir='ltr'>ar[ti]busculis</span> <span class='ocrx_word' id='word_1_107' title='bbox 416 866 646 906; x_wconf 87' lang='lat' dir='ltr'>humilibus</span> <span class='ocrx_word' id='word_1_108' title='bbox 672 865 898 918; x_wconf 74' lang='lat' dir='ltr'>ordinatae,</span> <span class='ocrx_word' id='word_1_109' title='bbox 925 879 1020 905; x_wconf 91' lang='lat' dir='ltr'>cum</span> <span class='ocrx_word' id='word_1_110' title='bbox 1040 880 1063 905; x_wconf 90' lang='lat' dir='ltr'>a</span> <span class='ocrx_word' id='word_1_111' title='bbox 1084 880 1247 905; x_wconf 86' lang='lat' dir='ltr'>summa</span> <span class='ocrx_word' id='word_1_112' title='bbox 1265 868 1440 905; x_wconf 89' lang='lat' dir='ltr'>macerie</span> 
     </span>
     <span class='ocr_line' id='line_1_18' title="bbox 85 924 1439 978; baseline -0.001 -13"><span class='ocrx_word' id='word_1_113' title='bbox 85 924 137 965; x_wconf 88' lang='lat' dir='ltr'>ad</span> <span class='ocrx_word' id='word_1_114' title='bbox 181 925 410 978; x_wconf 88' lang='lat' dir='ltr'>epistylum</span> <span class='ocrx_word' id='word_1_115' title='bbox 446 927 556 965; x_wconf 84' lang='lat' dir='ltr'>tecta</span> <span class='ocrx_word' id='word_1_116' title='bbox 592 927 779 978; x_wconf 88' lang='lat' dir='ltr'>porticus</span> <span class='ocrx_word' id='word_1_117' title='bbox 820 927 875 964; x_wconf 89' lang='lat' dir='ltr'>sit</span> <span class='ocrx_word' id='word_1_118' title='bbox 911 926 997 965; x_wconf 87' lang='lat' dir='ltr'>rete</span> <span class='ocrx_word' id='word_1_119' title='bbox 1035 924 1269 964; x_wconf 88' lang='lat' dir='ltr'>cannabina</span> <span class='ocrx_word' id='word_1_120' title='bbox 1307 926 1347 964; x_wconf 89' lang='lat' dir='ltr'>et</span> <span class='ocrx_word' id='word_1_121' title='bbox 1387 924 1439 964; x_wconf 88' lang='lat' dir='ltr'>ab</span> 
     </span>
     <span class='ocr_line' id='line_1_19' title="bbox 86 983 1438 1037; baseline -0.001 -13"><span class='ocrx_word' id='word_1_122' title='bbox 86 985 267 1037; x_wconf 85' lang='lat' dir='ltr'>epistylo</span> <span class='ocrx_word' id='word_1_123' title='bbox 300 984 352 1025; x_wconf 89' lang='lat' dir='ltr'>ad</span> <span class='ocrx_word' id='word_1_124' title='bbox 388 983 694 1037; x_wconf 83' lang='lat' dir='ltr'>stylobate&lt;n&gt;.</span> <span class='ocrx_word' id='word_1_125' title='bbox 756 983 834 1024; x_wconf 88' lang='lat' dir='ltr'>hae</span> <span class='ocrx_word' id='word_1_126' title='bbox 866 986 965 1024; x_wconf 88' lang='lat' dir='ltr'>sunt</span> <span class='ocrx_word' id='word_1_127' title='bbox 1003 983 1148 1024; x_wconf 86' lang='lat' dir='ltr'>avibus</span> <span class='ocrx_word' id='word_1_128' title='bbox 1188 986 1438 1037; x_wconf 82' lang='lat' dir='ltr'>omnigenus</span> 
     </span>
     <span class='ocr_line' id='line_1_20' title="bbox 85 1043 1439 1096; baseline -0.001 -12"><span class='ocrx_word' id='word_1_129' title='bbox 85 1044 295 1096; x_wconf 86' lang='lat' dir='ltr'>oppletae,</span> <span class='ocrx_word' id='word_1_130' title='bbox 340 1043 492 1096; x_wconf 87' lang='lat' dir='ltr'>quibus</span> <span class='ocrx_word' id='word_1_131' title='bbox 531 1043 647 1083; x_wconf 87' lang='lat' dir='ltr'>cibus</span> <span class='ocrx_word' id='word_1_132' title='bbox 686 1045 951 1083; x_wconf 77' lang='lat' dir='ltr'>ministratur</span> <span class='ocrx_word' id='word_1_133' title='bbox 987 1057 1061 1096; x_wconf 90' lang='lat' dir='ltr'>per</span> <span class='ocrx_word' id='word_1_134' title='bbox 1098 1045 1228 1083; x_wconf 90' lang='lat' dir='ltr'>retem</span> <span class='ocrx_word' id='word_1_135' title='bbox 1260 1045 1300 1082; x_wconf 90' lang='lat' dir='ltr'>et</span> <span class='ocrx_word' id='word_1_136' title='bbox 1332 1057 1439 1096; x_wconf 88' lang='lat' dir='ltr'>aqua</span> 
     </span>
     <span class='ocr_line' id='line_1_21' title="bbox 83 1102 1510 1155; baseline 0.001 -12"><span class='ocrx_word' id='word_1_137' title='bbox 83 1103 218 1143; x_wconf 87' lang='lat' dir='ltr'>rivolo</span> <span class='ocrx_word' id='word_1_138' title='bbox 262 1104 379 1142; x_wconf 88' lang='lat' dir='ltr'>tenui</span> <span class='ocrx_word' id='word_1_139' title='bbox 423 1102 571 1143; x_wconf 86' lang='lat' dir='ltr'>affluit.</span> <span class='ocrx_word' id='word_1_140' title='bbox 652 1102 880 1143; x_wconf 90' lang='lat' dir='ltr'>secundum</span> <span class='ocrx_word' id='word_1_141' title='bbox 924 1102 1146 1155; x_wconf 87' lang='lat' dir='ltr'>stylobatis</span> <span class='ocrx_word' id='word_1_142' title='bbox 1196 1104 1439 1142; x_wconf 89' lang='lat' dir='ltr'>interiorem</span> <span class='ocrx_word' id='word_1_143' title='bbox 1455 1104 1510 1145; x_wconf 85' lang='grc'>12</span> 
     </span>
     <span class='ocr_line' id='line_1_22' title="bbox 82 1161 1439 1215; baseline 0 -14"><span class='ocrx_word' id='word_1_144' title='bbox 82 1163 246 1215; x_wconf 85' lang='lat' dir='ltr'>partem</span> <span class='ocrx_word' id='word_1_145' title='bbox 295 1161 439 1202; x_wconf 88' lang='lat' dir='ltr'>dextra</span> <span class='ocrx_word' id='word_1_146' title='bbox 488 1164 528 1202; x_wconf 89' lang='lat' dir='ltr'>et</span> <span class='ocrx_word' id='word_1_147' title='bbox 579 1164 749 1202; x_wconf 87' lang='lat' dir='ltr'>sinistra</span> <span class='ocrx_word' id='word_1_148' title='bbox 798 1161 850 1201; x_wconf 89' lang='lat' dir='ltr'>ad</span> <span class='ocrx_word' id='word_1_149' title='bbox 900 1176 1106 1201; x_wconf 90' lang='lat' dir='ltr'>summam</span> <span class='ocrx_word' id='word_1_150' title='bbox 1156 1175 1291 1201; x_wconf 88' lang='lat' dir='ltr'>aream</span> <span class='ocrx_word' id='word_1_151' title='bbox 1340 1175 1439 1215; x_wconf 87' lang='lat' dir='ltr'>qua-</span> 
     </span>
     <span class='ocr_line' id='line_1_23' title="bbox 84 1220 1438 1274; baseline 0 -14"><span class='ocrx_word' id='word_1_152' title='bbox 84 1220 247 1261; x_wconf 89' lang='lat' dir='ltr'>dratam</span> <span class='ocrx_word' id='word_1_153' title='bbox 297 1235 317 1260; x_wconf 91' lang='lat' dir='ltr'>e</span> <span class='ocrx_word' id='word_1_154' title='bbox 365 1220 502 1261; x_wconf 81' lang='lat' dir='ltr'>medio</span> <span class='ocrx_word' id='word_1_155' title='bbox 554 1221 739 1261; x_wconf 86' lang='lat' dir='ltr'>diversae</span> <span class='ocrx_word' id='word_1_156' title='bbox 784 1221 888 1260; x_wconf 87' lang='lat' dir='ltr'>duae</span> <span class='ocrx_word' id='word_1_157' title='bbox 933 1235 1021 1261; x_wconf 90' lang='lat' dir='ltr'>non</span> <span class='ocrx_word' id='word_1_158' title='bbox 1070 1221 1179 1260; x_wconf 88' lang='lat' dir='ltr'>latae</span> <span class='ocrx_word' id='word_1_159' title='bbox 1230 1220 1438 1274; x_wconf 85' lang='lat' dir='ltr'>oblongae</span> 
     </span>
     <span class='ocr_line' id='line_1_24' title="bbox 85 1279 1436 1333; baseline -0.001 -13"><span class='ocrx_word' id='word_1_160' title='bbox 85 1282 184 1320; x_wconf 87' lang='lat' dir='ltr'>sunt</span> <span class='ocrx_word' id='word_1_161' title='bbox 215 1282 400 1333; x_wconf 82' lang='lat' dir='ltr'>piscinae</span> <span class='ocrx_word' id='word_1_162' title='bbox 432 1280 483 1320; x_wconf 87' lang='lat' dir='ltr'>ad</span> <span class='ocrx_word' id='word_1_163' title='bbox 514 1279 763 1333; x_wconf 87' lang='lat' dir='ltr'>porticu[a]s</span> <span class='ocrx_word' id='word_1_164' title='bbox 796 1294 952 1320; x_wconf 87' lang='lat' dir='ltr'>versus.</span> <span class='ocrx_word' id='word_1_165' title='bbox 1014 1282 1123 1319; x_wconf 87' lang='lat' dir='ltr'>inter</span> <span class='ocrx_word' id='word_1_166' title='bbox 1155 1294 1222 1319; x_wconf 89' lang='lat' dir='ltr'>eas</span> <span class='ocrx_word' id='word_1_167' title='bbox 1254 1282 1436 1332; x_wconf 81' lang='lat' dir='ltr'>piscinas</span> 
     </span>
     <span class='ocr_line' id='line_1_25' title="bbox 84 1339 1438 1392; baseline 0 -14"><span class='ocrx_word' id='word_1_168' title='bbox 84 1339 376 1380; x_wconf 89' lang='lat' dir='ltr'>tantummodo</span> <span class='ocrx_word' id='word_1_169' title='bbox 415 1353 601 1379; x_wconf 82' lang='lat' dir='ltr'>accessus</span> <span class='ocrx_word' id='word_1_170' title='bbox 645 1341 793 1379; x_wconf 88' lang='lat' dir='ltr'>semita</span> <span class='ocrx_word' id='word_1_171' title='bbox 823 1342 869 1379; x_wconf 92' lang='lat' dir='ltr'>in</span> <span class='ocrx_word' id='word_1_172' title='bbox 899 1339 1082 1392; x_wconf 89' lang='lat' dir='ltr'>tholum,</span> <span class='ocrx_word' id='word_1_173' title='bbox 1127 1341 1200 1392; x_wconf 90' lang='lat' dir='ltr'>qui</span> <span class='ocrx_word' id='word_1_174' title='bbox 1233 1341 1294 1378; x_wconf 88' lang='lat' dir='ltr'>est</span> <span class='ocrx_word' id='word_1_175' title='bbox 1326 1340 1438 1378; x_wconf 86' lang='lat' dir='ltr'>ultra</span> 
     </span>
     <span class='ocr_line' id='line_1_26' title="bbox 82 1396 1436 1452; baseline 0 -14"><span class='ocrx_word' id='word_1_176' title='bbox 82 1398 290 1438; x_wconf 86' lang='lat' dir='ltr'>rutundus</span> <span class='ocrx_word' id='word_1_177' title='bbox 333 1399 616 1450; x_wconf 83' lang='lat' dir='ltr'>columnatus,</span> <span class='ocrx_word' id='word_1_178' title='bbox 661 1400 708 1438; x_wconf 93' lang='lat' dir='ltr'>ut</span> <span class='ocrx_word' id='word_1_179' title='bbox 752 1401 814 1438; x_wconf 87' lang='lat' dir='ltr'>est</span> <span class='ocrx_word' id='word_1_180' title='bbox 856 1401 903 1438; x_wconf 91' lang='lat' dir='ltr'>in</span> <span class='ocrx_word' id='word_1_181' title='bbox 946 1397 1043 1438; x_wconf 86' lang='lat' dir='ltr'>aede</span> <span class='ocrx_word' id='word_1_182' title='bbox 1082 1396 1239 1450; x_wconf 78' lang='lat' dir='ltr'>Catuli,</span> <span class='ocrx_word' id='word_1_183' title='bbox 1285 1400 1318 1438; x_wconf 89' lang='lat' dir='ltr'>si</span> <span class='ocrx_word' id='word_1_184' title='bbox 1358 1412 1436 1452; x_wconf 91' lang='lat' dir='ltr'>pro</span> 
     </span>
     <span class='ocr_line' id='line_1_27' title="bbox 81 1457 1437 1510; baseline 0 -13"><span class='ocrx_word' id='word_1_185' title='bbox 81 1457 313 1510; x_wconf 87' lang='lat' dir='ltr'>parietibus</span> <span class='ocrx_word' id='word_1_186' title='bbox 358 1457 502 1497; x_wconf 88' lang='lat' dir='ltr'>feceris</span> <span class='ocrx_word' id='word_1_187' title='bbox 545 1458 774 1498; x_wconf 89' lang='lat' dir='ltr'>columnas.</span> <span class='ocrx_word' id='word_1_188' title='bbox 848 1459 964 1497; x_wconf 85' lang='lat' dir='ltr'>extra</span> <span class='ocrx_word' id='word_1_189' title='bbox 1005 1471 1072 1497; x_wconf 87' lang='lat' dir='ltr'>eas</span> <span class='ocrx_word' id='word_1_190' title='bbox 1115 1458 1331 1498; x_wconf 89' lang='lat' dir='ltr'>columnas</span> <span class='ocrx_word' id='word_1_191' title='bbox 1374 1459 1437 1497; x_wconf 91' lang='lat' dir='ltr'>est</span> 
     </span>
     <span class='ocr_line' id='line_1_28' title="bbox 82 1516 1436 1570; baseline 0 -14"><span class='ocrx_word' id='word_1_192' title='bbox 82 1517 190 1557; x_wconf 86' lang='lat' dir='ltr'>silva</span> <span class='ocrx_word' id='word_1_193' title='bbox 241 1530 369 1557; x_wconf 90' lang='lat' dir='ltr'>manu</span> <span class='ocrx_word' id='word_1_194' title='bbox 422 1518 512 1557; x_wconf 89' lang='lat' dir='ltr'>sata</span> <span class='ocrx_word' id='word_1_195' title='bbox 563 1516 793 1570; x_wconf 83' lang='lat' dir='ltr'>grandibus</span> <span class='ocrx_word' id='word_1_196' title='bbox 844 1516 1063 1557; x_wconf 86' lang='lat' dir='ltr'>arboribus</span> <span class='ocrx_word' id='word_1_197' title='bbox 1108 1519 1234 1569; x_wconf 88' lang='lat' dir='ltr'>tecta,</span> <span class='ocrx_word' id='word_1_198' title='bbox 1284 1518 1332 1556; x_wconf 92' lang='lat' dir='ltr'>ut</span> <span class='ocrx_word' id='word_1_199' title='bbox 1375 1519 1436 1556; x_wconf 88' lang='lat' dir='ltr'>in-</span> 
     </span>
     <span class='ocr_line' id='line_1_29' title="bbox 81 1574 1507 1630; baseline 0.001 -15"><span class='ocrx_word' id='word_1_200' title='bbox 81 1575 181 1615; x_wconf 86' lang='lat' dir='ltr'>fima</span> <span class='ocrx_word' id='word_1_201' title='bbox 210 1576 433 1628; x_wconf 70' lang='lat' dir='ltr'>perluceat,</span> <span class='ocrx_word' id='word_1_202' title='bbox 464 1577 555 1616; x_wconf 89' lang='lat' dir='ltr'>tota</span> <span class='ocrx_word' id='word_1_203' title='bbox 587 1578 730 1629; x_wconf 85' lang='lat' dir='ltr'>saepta</span> <span class='ocrx_word' id='word_1_204' title='bbox 757 1578 946 1616; x_wconf 89' lang='lat' dir='ltr'>maceriis</span> <span class='ocrx_word' id='word_1_205' title='bbox 974 1576 1082 1616; x_wconf 84' lang='lat' dir='ltr'>altiS.</span> <span class='ocrx_word' id='word_1_206' title='bbox 1131 1578 1244 1616; x_wconf 86' lang='lat' dir='ltr'>intra</span> <span class='ocrx_word' id='word_1_207' title='bbox 1268 1574 1507 1630; x_wconf 85' lang='lat' dir='ltr'>tholi[s]13</span> 
     </span>
     <span class='ocr_line' id='line_1_30' title="bbox 82 1635 1436 1688; baseline -0.001 -13"><span class='ocrx_word' id='word_1_208' title='bbox 82 1635 298 1677; x_wconf 88' lang='lat' dir='ltr'>columnas</span> <span class='ocrx_word' id='word_1_209' title='bbox 340 1636 563 1676; x_wconf 72' lang='lat' dir='ltr'>exteriores</span> <span class='ocrx_word' id='word_1_210' title='bbox 604 1635 788 1688; x_wconf 86' lang='lat' dir='ltr'>lapideas</span> <span class='ocrx_word' id='word_1_211' title='bbox 831 1637 872 1675; x_wconf 89' lang='grc'>61</span> <span class='ocrx_word' id='word_1_212' title='bbox 911 1635 1088 1675; x_wconf 85' lang='grc' dir='ltr'>1ο11(16111</span> <span class='ocrx_word' id='word_1_213' title='bbox 1127 1637 1346 1675; x_wconf 87' lang='lat' dir='ltr'>interiores</span> <span class='ocrx_word' id='word_1_214' title='bbox 1386 1649 1436 1675; x_wconf 81' lang='lat' dir='ltr'>ex</span> 
     </span>
     <span class='ocr_line' id='line_1_31' title="bbox 82 1694 1436 1748; baseline 0.001 -15"><span class='ocrx_word' id='word_1_215' title='bbox 82 1694 216 1734; x_wconf 88' lang='lat' dir='ltr'>abiete</span> <span class='ocrx_word' id='word_1_216' title='bbox 265 1696 410 1734; x_wconf 87' lang='lat' dir='ltr'>tenues</span> <span class='ocrx_word' id='word_1_217' title='bbox 457 1695 574 1735; x_wconf 90' lang='lat' dir='ltr'>locus</span> <span class='ocrx_word' id='word_1_218' title='bbox 619 1696 682 1734; x_wconf 90' lang='lat' dir='ltr'>est</span> <span class='ocrx_word' id='word_1_219' title='bbox 724 1694 848 1748; x_wconf 89' lang='lat' dir='ltr'>pedes</span> <span class='ocrx_word' id='word_1_220' title='bbox 894 1697 1079 1747; x_wconf 88' lang='lat' dir='ltr'>quinque</span> <span class='ocrx_word' id='word_1_221' title='bbox 1123 1695 1246 1735; x_wconf 87' lang='lat' dir='ltr'>latus.</span> <span class='ocrx_word' id='word_1_222' title='bbox 1325 1696 1436 1734; x_wconf 87' lang='lat' dir='ltr'>inter</span> 
     </span>
     <span class='ocr_line' id='line_1_32' title="bbox 82 1753 1434 1807; baseline 0.001 -15"><span class='ocrx_word' id='word_1_223' title='bbox 82 1753 297 1793; x_wconf 85' lang='lat' dir='ltr'>columnas</span> <span class='ocrx_word' id='word_1_224' title='bbox 336 1755 558 1794; x_wconf 87' lang='lat' dir='ltr'>exteriores</span> <span class='ocrx_word' id='word_1_225' title='bbox 596 1768 673 1807; x_wconf 90' lang='lat' dir='ltr'>pro</span> <span class='ocrx_word' id='word_1_226' title='bbox 714 1755 872 1807; x_wconf 90' lang='lat' dir='ltr'>pariete</span> <span class='ocrx_word' id='word_1_227' title='bbox 904 1754 1069 1793; x_wconf 89' lang='lat' dir='ltr'>reticuli</span> <span class='ocrx_word' id='word_1_228' title='bbox 1101 1768 1121 1793; x_wconf 90' lang='lat' dir='ltr'>e</span> <span class='ocrx_word' id='word_1_229' title='bbox 1152 1756 1290 1793; x_wconf 81' lang='lat' dir='ltr'>nervis</span> <span class='ocrx_word' id='word_1_230' title='bbox 1325 1755 1434 1806; x_wconf 87' lang='lat' dir='ltr'>sunt,</span> 
     </span>
     <span class='ocr_line' id='line_1_33' title="bbox 80 1811 1434 1866; baseline 0.001 -15"><span class='ocrx_word' id='word_1_231' title='bbox 80 1813 129 1852; x_wconf 90' lang='lat' dir='ltr'>ut</span> <span class='ocrx_word' id='word_1_232' title='bbox 159 1815 345 1865; x_wconf 83' lang='lat' dir='ltr'>prospici</span> <span class='ocrx_word' id='word_1_233' title='bbox 375 1815 421 1852; x_wconf 90' lang='lat' dir='ltr'>in</span> <span class='ocrx_word' id='word_1_234' title='bbox 447 1812 652 1865; x_wconf 80' lang='lat' dir='ltr'>silva&lt;m&gt;</span> <span class='ocrx_word' id='word_1_235' title='bbox 676 1815 813 1866; x_wconf 88' lang='lat' dir='ltr'>possit</span> <span class='ocrx_word' id='word_1_236' title='bbox 842 1815 882 1853; x_wconf 90' lang='grc'>61</span> <span class='ocrx_word' id='word_1_237' title='bbox 907 1826 1012 1866; x_wconf 85' lang='lat' dir='ltr'>quae</span> <span class='ocrx_word' id='word_1_238' title='bbox 1037 1812 1097 1852; x_wconf 91' lang='lat' dir='ltr'>ibi</span> <span class='ocrx_word' id='word_1_239' title='bbox 1124 1814 1223 1852; x_wconf 90' lang='lat' dir='ltr'>sunt</span> <span class='ocrx_word' id='word_1_240' title='bbox 1247 1811 1434 1865; x_wconf 83' lang='lat' dir='ltr'>&lt;videri&gt;</span> 
     </span>
     <span class='ocr_line' id='line_1_34' title="bbox 79 1872 1432 1927; baseline 0.001 -17"><span class='ocrx_word' id='word_1_241' title='bbox 79 1884 215 1924; x_wconf 87' lang='lat' dir='ltr'>neque</span> <span class='ocrx_word' id='word_1_242' title='bbox 253 1874 339 1911; x_wconf 87' lang='lat' dir='ltr'>avis</span> <span class='ocrx_word' id='word_1_243' title='bbox 378 1886 425 1911; x_wconf 90' lang='lat' dir='ltr'>ea</span> <span class='ocrx_word' id='word_1_244' title='bbox 461 1873 650 1912; x_wconf 87' lang='lat' dir='ltr'>transire.</span> <span class='ocrx_word' id='word_1_245' title='bbox 711 1874 825 1927; x_wconf 83' lang='lat' dir='ltr'>intra</span> <span class='ocrx_word' id='word_1_246' title='bbox 854 1874 1073 1912; x_wconf 89' lang='lat' dir='ltr'>interiores</span> <span class='ocrx_word' id='word_1_247' title='bbox 1107 1872 1323 1912; x_wconf 89' lang='lat' dir='ltr'>columnas</span> <span class='ocrx_word' id='word_1_248' title='bbox 1355 1885 1432 1924; x_wconf 92' lang='lat' dir='ltr'>pro</span> 
     </span>
     <span class='ocr_line' id='line_1_35' title="bbox 79 1930 1433 1984; baseline 0 -14"><span class='ocrx_word' id='word_1_249' title='bbox 79 1932 238 1983; x_wconf 88' lang='lat' dir='ltr'>pariete</span> <span class='ocrx_word' id='word_1_250' title='bbox 269 1932 354 1970; x_wconf 92' lang='lat' dir='ltr'>rete</span> <span class='ocrx_word' id='word_1_251' title='bbox 386 1933 589 1971; x_wconf 84' lang='lat' dir='ltr'>aviarium</span> <span class='ocrx_word' id='word_1_252' title='bbox 621 1933 683 1971; x_wconf 92' lang='lat' dir='ltr'>est</span> <span class='ocrx_word' id='word_1_253' title='bbox 715 1931 935 1972; x_wconf 90' lang='lat' dir='ltr'>obiectum.</span> <span class='ocrx_word' id='word_1_254' title='bbox 996 1933 1107 1971; x_wconf 89' lang='lat' dir='ltr'>inter</span> <span class='ocrx_word' id='word_1_255' title='bbox 1138 1930 1212 1970; x_wconf 87' lang='lat' dir='ltr'>has</span> <span class='ocrx_word' id='word_1_256' title='bbox 1238 1930 1335 1984; x_wconf 86' lang='grc'>&lt;61&gt;</span> <span class='ocrx_word' id='word_1_257' title='bbox 1368 1945 1433 1971; x_wconf 84' lang='lat' dir='ltr'>ex-</span> 
     </span>
     <span class='ocr_line' id='line_1_36' title="bbox 79 1989 1431 2043; baseline 0.001 -14"><span class='ocrx_word' id='word_1_258' title='bbox 79 1991 251 2030; x_wconf 86' lang='lat' dir='ltr'>teriores</span> <span class='ocrx_word' id='word_1_259' title='bbox 301 1989 510 2043; x_wconf 85' lang='lat' dir='ltr'>gradatim</span> <span class='ocrx_word' id='word_1_260' title='bbox 553 1989 841 2031; x_wconf 89' lang='lat' dir='ltr'>substructum</span> <span class='ocrx_word' id='word_1_261' title='bbox 883 1992 931 2030; x_wconf 89' lang='lat' dir='ltr'>ut</span> <span class='ocrx_word' id='word_1_262' title='bbox 974 1989 1231 2030; x_wconf 86' lang='lat' dir='ltr'>theatridion</span> <span class='ocrx_word' id='word_1_263' title='bbox 1274 1992 1431 2030; x_wconf 84' lang='lat' dir='ltr'>avium:</span> 
     </span>
    </p>
   </div>
   <div class='ocr_carea' id='block_1_11' title="bbox 79 2071 364 2078">
    <p class='ocr_par' dir='ltr' id='par_1_11' title="bbox 79 2071 364 2078">
     <span class='ocr_line' id='line_1_37' title="bbox 79 2071 364 2078; baseline 0 0"><span class='ocrx_word' id='word_1_264' title='bbox 79 2071 364 2078; x_wconf 95' lang='lat' dir='ltr'> </span> 
     </span>
    </p>
   </div>
   <div class='ocr_carea' id='block_1_12' title="bbox 79 2116 1431 2399">
    <p class='ocr_par' dir='ltr' id='par_1_12' title="bbox 79 2116 1431 2399">
     <span class='ocr_line' id='line_1_38' title="bbox 198 2116 1430 2161; baseline 0.001 -12"><span class='ocrx_word' id='word_1_265' title='bbox 198 2122 217 2149; x_wconf 76' lang='lat'><strong>2</strong></span> <span class='ocrx_word' id='word_1_266' title='bbox 243 2127 332 2159; x_wconf 86' lang='lat' dir='ltr'>quas</span> <span class='ocrx_word' id='word_1_267' title='bbox 358 2128 389 2151; x_wconf 90' lang='lat' dir='ltr'>v.</span> <span class='ocrx_word' id='word_1_268' title='bbox 429 2127 519 2160; x_wconf 88' lang='lat' dir='ltr'>quos</span> <span class='ocrx_word' id='word_1_269' title='bbox 540 2118 551 2161; x_wconf 84' lang='grc' dir='ltr'>ΙΙ</span> <span class='ocrx_word' id='word_1_270' title='bbox 570 2123 588 2150; x_wconf 83' lang='grc'><strong>3</strong></span> <span class='ocrx_word' id='word_1_271' title='bbox 614 2117 680 2152; x_wconf 82' lang='lat' dir='ltr'>del.</span> <span class='ocrx_word' id='word_1_272' title='bbox 705 2117 858 2152; x_wconf 53' lang='lat' dir='ltr'>Ursinus</span> <span class='ocrx_word' id='word_1_273' title='bbox 877 2119 888 2160; x_wconf 81' lang='grc' dir='ltr'>ΙΙ</span> <span class='ocrx_word' id='word_1_274' title='bbox 907 2123 925 2150; x_wconf 76' lang='grc'>4</span> <span class='ocrx_word' id='word_1_275' title='bbox 952 2117 1018 2152; x_wconf 79' lang='lat' dir='ltr'>del.</span> <span class='ocrx_word' id='word_1_276' title='bbox 1046 2117 1219 2152; x_wconf 73' lang='lat' dir='ltr'>Pithoeus</span> <span class='ocrx_word' id='word_1_277' title='bbox 1238 2117 1249 2161; x_wconf 81' lang='grc' dir='ltr'>ΙΙ</span> <span class='ocrx_word' id='word_1_278' title='bbox 1268 2123 1286 2150; x_wconf 88' lang='grc'>8</span> <span class='ocrx_word' id='word_1_279' title='bbox 1306 2119 1329 2159; x_wconf 85' lang='lat'><strong>†</strong></span> <span class='ocrx_word' id='word_1_280' title='bbox 1344 2116 1430 2151; x_wconf 81' lang='lat' dir='ltr'>add.</span> 
     </span>
     <span class='ocr_line' id='line_1_39' title="bbox 81 2163 1430 2209; baseline 0 -12"><span class='ocrx_word' id='word_1_281' title='bbox 81 2163 168 2198; x_wconf 84' lang='lat' dir='ltr'>Keil</span> <span class='ocrx_word' id='word_1_282' title='bbox 186 2164 197 2207; x_wconf 78' lang='grc' dir='ltr'>[Ι</span> <span class='ocrx_word' id='word_1_283' title='bbox 216 2170 234 2196; x_wconf 79' lang='grc'>9</span> <span class='ocrx_word' id='word_1_284' title='bbox 261 2174 391 2198; x_wconf 86' lang='lat' dir='ltr'>caveae</span> <span class='ocrx_word' id='word_1_285' title='bbox 416 2175 448 2198; x_wconf 84' lang='lat' dir='ltr'>v.</span> <span class='ocrx_word' id='word_1_286' title='bbox 499 2165 624 2198; x_wconf 86' lang='lat' dir='ltr'>cauiae</span> <span class='ocrx_word' id='word_1_287' title='bbox 647 2165 650 2209; x_wconf 80' lang='grc' dir='ltr'>Ι</span> <span class='ocrx_word' id='word_1_288' title='bbox 673 2165 739 2199; x_wconf 80' lang='lat' dir='ltr'>del.</span> <span class='ocrx_word' id='word_1_289' title='bbox 766 2176 786 2199; x_wconf 82' lang='grc' dir='ltr'><strong><em>υ</em></strong></span> <span class='ocrx_word' id='word_1_290' title='bbox 806 2166 816 2209; x_wconf 90' lang='grc' dir='ltr'>ΙΙ</span> <span class='ocrx_word' id='word_1_291' title='bbox 835 2171 871 2198; x_wconf 83' lang='grc'>12</span> <span class='ocrx_word' id='word_1_292' title='bbox 897 2165 963 2199; x_wconf 81' lang='lat' dir='ltr'>del.</span> <span class='ocrx_word' id='word_1_293' title='bbox 990 2176 1011 2199; x_wconf 88' lang='lat' dir='ltr'><em>v</em></span> <span class='ocrx_word' id='word_1_294' title='bbox 1030 2165 1040 2207; x_wconf 93' lang='grc' dir='ltr'>ΙΙ</span> <span class='ocrx_word' id='word_1_295' title='bbox 1059 2171 1096 2198; x_wconf 77' lang='grc'>13</span> <span class='ocrx_word' id='word_1_296' title='bbox 1122 2164 1326 2198; x_wconf 85' lang='lat' dir='ltr'>cannabina</span> <span class='ocrx_word' id='word_1_297' title='bbox 1360 2165 1430 2208; x_wconf 90' lang='lat' dir='ltr'>(ca-</span> 
     </span>
     <span class='ocr_line' id='line_1_40' title="bbox 79 2210 1428 2256; baseline 0.001 -13"><span class='ocrx_word' id='word_1_298' title='bbox 79 2210 217 2244; x_wconf 87' lang='lat' dir='ltr'>nabina</span> <span class='ocrx_word' id='word_1_299' title='bbox 247 2211 295 2255; x_wconf 90' lang='lat' dir='ltr'>V)</span> <span class='ocrx_word' id='word_1_300' title='bbox 315 2211 326 2254; x_wconf 77' lang='grc' dir='ltr'>ΙΙ</span> <span class='ocrx_word' id='word_1_301' title='bbox 345 2217 381 2244; x_wconf 82' lang='lat'>14</span> <span class='ocrx_word' id='word_1_302' title='bbox 408 2211 624 2255; x_wconf 78' lang='lat' dir='ltr'>stylobatem</span> <span class='ocrx_word' id='word_1_303' title='bbox 650 2212 841 2247; x_wconf 76' lang='lat' dir='ltr'>Iucundus</span> <span class='ocrx_word' id='word_1_304' title='bbox 876 2213 888 2256; x_wconf 89' lang='grc' dir='ltr'>ΙΙ</span> <span class='ocrx_word' id='word_1_305' title='bbox 924 2218 960 2245; x_wconf 78' lang='grc'>19</span> <span class='ocrx_word' id='word_1_306' title='bbox 986 2212 1052 2246; x_wconf 83' lang='lat' dir='ltr'>del.</span> <span class='ocrx_word' id='word_1_307' title='bbox 1079 2223 1114 2245; x_wconf 81' lang='lat' dir='ltr'>m</span> <span class='ocrx_word' id='word_1_308' title='bbox 1141 2212 1152 2255; x_wconf 72' lang='grc' dir='ltr'>ΙΙ</span> <span class='ocrx_word' id='word_1_309' title='bbox 1180 2218 1219 2245; x_wconf 81' lang='lat'>23</span> <span class='ocrx_word' id='word_1_310' title='bbox 1244 2213 1339 2245; x_wconf 84' lang='lat' dir='ltr'>tecta</span> <span class='ocrx_word' id='word_1_311' title='bbox 1363 2211 1428 2245; x_wconf 81' lang='lat' dir='ltr'>del.</span> 
     </span>
     <span class='ocr_line' id='line_1_41' title="bbox 81 2257 1431 2304; baseline 0 -13"><span class='ocrx_word' id='word_1_312' title='bbox 81 2257 168 2292; x_wconf 82' lang='lat' dir='ltr'>Keil</span> <span class='ocrx_word' id='word_1_313' title='bbox 186 2259 197 2301; x_wconf 83' lang='grc' dir='ltr'>ΙΙ</span> <span class='ocrx_word' id='word_1_314' title='bbox 217 2264 254 2291; x_wconf 81' lang='lat'>24</span> <span class='ocrx_word' id='word_1_315' title='bbox 280 2258 346 2292; x_wconf 84' lang='lat' dir='ltr'>del.</span> <span class='ocrx_word' id='word_1_316' title='bbox 374 2259 566 2293; x_wconf 69' lang='lat' dir='ltr'>[mundus</span> <span class='ocrx_word' id='word_1_317' title='bbox 585 2261 595 2303; x_wconf 91' lang='grc' dir='ltr'>ΙΙ</span> <span class='ocrx_word' id='word_1_318' title='bbox 615 2265 651 2292; x_wconf 79' lang='lat'>27</span> <span class='ocrx_word' id='word_1_319' title='bbox 678 2259 822 2292; x_wconf 85' lang='lat' dir='ltr'>reticuli</span> <span class='ocrx_word' id='word_1_320' title='bbox 848 2270 867 2293; x_wconf 90' lang='grc'>6</span> <span class='ocrx_word' id='word_1_321' title='bbox 888 2259 1009 2292; x_wconf 86' lang='lat' dir='ltr'>nervis</span> <span class='ocrx_word' id='word_1_322' title='bbox 1030 2270 1059 2293; x_wconf 87' lang='lat' dir='ltr'>v.</span> <span class='ocrx_word' id='word_1_323' title='bbox 1098 2258 1263 2292; x_wconf 87' lang='lat' dir='ltr'>reticulie</span> <span class='ocrx_word' id='word_1_324' title='bbox 1282 2258 1405 2292; x_wconf 86' lang='lat' dir='ltr'>uerius</span> <span class='ocrx_word' id='word_1_325' title='bbox 1419 2258 1431 2304; x_wconf 82' lang='grc' dir='ltr'>Η</span> 
     </span>
     <span class='ocr_line' id='line_1_42' title="bbox 80 2304 1425 2350; baseline 0.002 -13"><span class='ocrx_word' id='word_1_326' title='bbox 80 2310 119 2337; x_wconf 84' lang='lat'>28</span> <span class='ocrx_word' id='word_1_327' title='bbox 143 2304 303 2348; x_wconf 83' lang='lat' dir='ltr'>perspici</span> <span class='ocrx_word' id='word_1_328' title='bbox 329 2305 367 2338; x_wconf 91' lang='lat' dir='ltr'>in</span> <span class='ocrx_word' id='word_1_329' title='bbox 393 2305 488 2339; x_wconf 85' lang='lat' dir='ltr'>silua</span> <span class='ocrx_word' id='word_1_330' title='bbox 513 2306 686 2350; x_wconf 85' lang='lat' dir='ltr'>(prospici</span> <span class='ocrx_word' id='word_1_331' title='bbox 712 2306 751 2339; x_wconf 90' lang='lat' dir='ltr'>in</span> <span class='ocrx_word' id='word_1_332' title='bbox 776 2306 871 2340; x_wconf 82' lang='lat' dir='ltr'>silua</span> <span class='ocrx_word' id='word_1_333' title='bbox 899 2307 938 2348; x_wconf 90' lang='lat' dir='ltr'>V,</span> <span class='ocrx_word' id='word_1_334' title='bbox 963 2307 1028 2340; x_wconf 79' lang='lat' dir='ltr'>ubi</span> <span class='ocrx_word' id='word_1_335' title='bbox 1054 2306 1184 2339; x_wconf 85' lang='lat' dir='ltr'>silvam</span> <span class='ocrx_word' id='word_1_336' title='bbox 1208 2306 1240 2340; x_wconf 87' lang='lat' dir='ltr'><em>T</em></span> <span class='ocrx_word' id='word_1_337' title='bbox 1238 2306 1425 2350; x_wconf 49' lang='lat' dir='ltr'>urnebusfl</span> 
     </span>
     <span class='ocr_line' id='line_1_43' title="bbox 81 2351 1384 2399; baseline 0.002 -15"><span class='ocrx_word' id='word_1_338' title='bbox 81 2351 146 2394; x_wconf 89' lang='lat' dir='ltr'>qui</span> <span class='ocrx_word' id='word_1_339' title='bbox 171 2351 226 2384; x_wconf 89' lang='lat' dir='ltr'>ibi</span> <span class='ocrx_word' id='word_1_340' title='bbox 246 2352 338 2394; x_wconf 62' lang='lat' dir='ltr'><em>Pol„</em></span> <span class='ocrx_word' id='word_1_341' title='bbox 364 2363 457 2395; x_wconf 84' lang='lat' dir='ltr'>quae</span> <span class='ocrx_word' id='word_1_342' title='bbox 482 2353 536 2386; x_wconf 87' lang='lat' dir='ltr'>ibi</span> <span class='ocrx_word' id='word_1_343' title='bbox 563 2364 686 2398; x_wconf 72' lang='lat' dir='ltr'>apoyr.</span> <span class='ocrx_word' id='word_1_344' title='bbox 711 2354 715 2399; x_wconf 86' lang='grc'>1</span> <span class='ocrx_word' id='word_1_345' title='bbox 739 2353 822 2387; x_wconf 83' lang='lat' dir='ltr'>add.</span> <span class='ocrx_word' id='word_1_346' title='bbox 850 2354 938 2388; x_wconf 85' lang='lat' dir='ltr'>Keil</span> <span class='ocrx_word' id='word_1_347' title='bbox 956 2355 968 2398; x_wconf 76' lang='lat' dir='ltr'>ss</span> <span class='ocrx_word' id='word_1_348' title='bbox 986 2359 1026 2386; x_wconf 81' lang='lat'>3⁰</span> <span class='ocrx_word' id='word_1_349' title='bbox 1051 2353 1136 2387; x_wconf 79' lang='lat' dir='ltr'>add.</span> <span class='ocrx_word' id='word_1_350' title='bbox 1163 2352 1355 2387; x_wconf 65' lang='lat' dir='ltr'>Iucundus</span> <span class='ocrx_word' id='word_1_351' title='bbox 1373 2354 1384 2395; x_wconf 95' lang='grc' dir='ltr'>ΙΙ</span> 
     </span>
    </p>
   </div>
  </div>
 </body>
</html>
