1560 2506
371 79 537 114 RERVM
561 78 865 114 RVSTICARVM
890 79 974 113 LIB.
995 79 1010 112 1
1032 82 1120 113 1-2
1150 60 1153 61 ⁷
1392 79 1417 120 9

78 176 379 232 Prien[na]eus‚
411 175 524 217 Dion
557 175 864 230 Colophonius,
896 175 1138 230 Diophanes
1171 175 1426 229 Nicaeensis,

76 237 285 292 Epigenes
317 235 525 289 Rhodius,
566 234 746 290 Euagon
777 234 1029 289 T<h>asius,
1061 234 1299 290 Euphronii
1332 235 1425 289 duo,

77 310 184 338 unus
211 294 493 348 Atheniensis,
524 294 685 349 (alter)
710 293 1036 349 Amphipolites,
1062 294 1265 349 Hegesias
1291 293 1426 336 Maro-

77 357 202 408 nites,
233 353 453 395 Menandri
485 353 584 407 duo,
616 368 725 395 unus
758 353 976 407 Prieneus,
1011 355 1116 394 alter
1147 353 1425 407 Heracleotes,

41 430 57 456 5
76 413 268 455 Nicesius
293 412 534 467 Maronites,
567 413 752 467 Pythion
777 413 979 454 Rhodius,
1043 413 1090 454 de
1116 415 1300 467 reliquis,
1327 428 1427 467 quo·
1451 415 1496 456 9

23 726 56 752 10

76 488 169 513 rum
210 487 314 527 quae
359 473 486 514 fuerit
528 475 665 527 patria
707 487 794 513 non
826 475 981 526 accepi,
1033 475 1131 514 sunt
1175 471 1425 526 Androtion,

76 531 324 586 Aeschrion,
369 530 677 585 Aristomenes,
722 530 1033 586 Athenagoras,
1079 530 1239 585 Crates,
1283 531 1426 585 Badis,

74 590 314 646 Dionysios,
346 590 577 645 Euphiton,
610 591 870 645 Euphorion,
903 591 1108 644 Eubulus,
1141 590 1426 644 Lysimachus,

74 649 277 705 Mnaseas,
309 650 599 703 Menestratus,
632 650 942 705 PlentiphaneS,
974 651 1123 703 Persis,
1156 650 1427 704 Theophilus.

75 709 119 751 hi
151 724 255 765 quos
290 710 375 751 dixi
407 724 549 751 omnes
583 711 722 751 soluta
746 713 934 751 oratione
961 712 1232 764 scripserunt3
1265 710 1427 751 easdem

75 784 138 810 res
166 771 291 810 etiam
317 769 487 824 quidam
513 769 713 822 versibus,
745 772 793 810 ut
812 769 1020 811 Hesiodus
1042 768 1258 822 Ascraeus,
1291 769 1428 810 Mene-

76 831 205 869 crates
244 828 465 882 Ephesius.
527 829 603 870 hos
642 829 864 869 nobilitate
901 828 1027 883 Mago
1067 828 1426 883 Carthaginiensis
1445 829 1498 870 10

74 890 306 942 praeteriit,
355 887 598 942 p[h]oenica
641 889 788 942 lingua
836 891 908 942 qui
952 903 1015 929 res
1064 888 1270 942 dispersas
1319 903 1427 929 com-

75 947 242 1002 prendit
274 947 391 988 libris
424 959 570 1001 XXIIX,
612 962 716 1001 quos
750 946 918 989 Cassius
950 947 1181 1001 Dionysius
1214 946 1426 989 Uticensis

24 1020 57 1047 15
76 1008 202 1047 vertit
226 1006 345 1048 libris
374 1018 439 1048 XX
470 1021 515 1047 ac
546 1021 694 1061 graeca
719 1008 866 1061 lingua
886 1006 1061 1048 Sextilio
1087 1009 1270 1061 praetori
1294 1009 1426 1048 misit:

22 1319 56 1344 20

23 1615 55 1641 25

23 1911 57 1937 30

74 1069 120 1107 in
151 1080 256 1121 quae
288 1067 505 1107 volumina
536 1066 584 1107 de
615 1069 774 1120 graecis
802 1066 919 1107 libris
947 1081 1091 1107 eorum
1117 1081 1221 1121 quos
1249 1066 1335 1107 dixi
1361 1066 1425 1107 ad-

74 1127 171 1166 iecit
209 1140 296 1166 non
336 1140 469 1180 pauca
509 1127 549 1166 et
591 1125 639 1166 de
675 1125 870 1180 Magonis
913 1126 1092 1180 dempsit
1131 1127 1266 1166 instar
1302 1126 1428 1167 libro-

75 1199 169 1225 rum
211 1196 302 1226 VIII.
382 1185 505 1226 hosce
549 1187 664 1239 ipsos
710 1186 870 1226 utiliter
914 1185 965 1226 ad
1012 1196 1058 1225 VI
1099 1185 1228 1226 libros
1268 1185 1429 1240 redegit

74 1243 316 1298 Diophanes
361 1247 405 1285 in
446 1244 650 1298 Bithynia
693 1247 733 1285 et
775 1247 891 1285 misit
933 1244 1132 1286 Deiotaro
1176 1247 1276 1299 regi.
1345 1259 1428 1299 quo
1446 1246 1495 1286 11

74 1303 241 1344 brevius
281 1303 329 1344 de
361 1318 408 1344 ea
438 1318 482 1344 re
514 1318 643 1345 conor
674 1303 808 1344 tribus
841 1303 960 1344 libris
994 1318 1216 1358 exponere,
1261 1318 1345 1345 uno
1380 1304 1428 1344 de

76 1365 166 1417 agri
198 1364 377 1416 cultura,
423 1364 553 1404 altero
587 1363 635 1404 de
667 1378 709 1404 re
741 1366 951 1417 pecuaria,
995 1366 1118 1404 tertio
1151 1363 1199 1404 de
1231 1364 1427 1404 villaticis

74 1422 356 1476 pastionibus,
407 1422 486 1464 hoc
536 1422 643 1463 libro
694 1425 952 1467 circumcisis
997 1422 1137 1476 rebus,
1189 1437 1293 1477 quae
1341 1437 1429 1463 non

76 1481 256 1522 arbitror
309 1483 518 1536 pertinere
574 1482 625 1522 ad
669 1485 760 1536 agri
811 1483 1029 1523 culturam.
1114 1484 1256 1536 itaque
1310 1485 1427 1536 prius

76 1540 309 1594 ostendam,
354 1555 460 1595 quae
504 1544 660 1582 secerni
704 1544 895 1595 oporteat
939 1541 989 1582 ab
1035 1556 1098 1595 ea,
1141 1544 1232 1582 tum
1277 1541 1325 1582 de
1362 1541 1427 1582 his

75 1599 197 1641 rebus
245 1600 379 1641 dicam
424 1615 598 1654 sequens
642 1602 854 1642 naturales
899 1600 1136 1642 divisiones.
1217 1615 1264 1641 ea
1307 1603 1429 1642 erunt

76 1674 124 1700 ex
155 1659 363 1700 radicibus
396 1662 531 1713 trinis,
564 1662 604 1701 et
636 1675 740 1714 quae
771 1663 861 1714 ipse
886 1663 932 1701 in
957 1663 1058 1701 meis
1085 1660 1226 1701 fundis
1254 1660 1428 1701 colendo

75 1719 359 1772 animadverti,
393 1721 432 1760 et
464 1734 568 1773 quae
601 1721 697 1774 legi,
730 1722 770 1760 et
802 1734 907 1774 quae
940 1734 963 1760 a
993 1722 1138 1774 peritis
1172 1719 1296 1760 audii.

194 1776 442 1819 Sementivis
482 1779 595 1819 feriis
633 1781 679 1819 in
723 1779 865 1820 aedem
901 1779 1081 1820 Telluris
1131 1793 1325 1820 veneram
1365 1789 1474 1823 ro-II

75 1839 199 1891 gatus
250 1837 300 1879 ab
351 1838 578 1891 aeditumo,
628 1841 675 1878 ut
725 1838 857 1879 dicere
901 1838 1120 1879 didicimus
1166 1853 1190 1879 a
1237 1838 1428 1893 patribus

75 1898 243 1950 nostris,
276 1899 324 1937 ut
355 1899 604 1951 corrigimur
636 1912 660 1938 a
690 1897 924 1939 recentibus
957 1897 1141 1950 urbanis,
1173 1897 1224 1938 ab
1251 1898 1429 1939 aedituo.

77 1955 230 1997 offendi
260 1955 321 1997 ibi
347 1955 390 1998 C.
410 1955 688 2010 Fundanium,
722 1971 910 2001 socerum
935 1971 1084 2010 meum,
1118 1959 1158 1998 et
1185 1956 1227 1998 C.
1249 1955 1429 2012 Agrium

77 2017 259 2069 equitem
308 2015 357 2056 R.
400 2014 658 2057 Socraticum
708 2019 748 2057 et
797 2016 841 2057 P.
880 2014 1108 2070 Agrasium
1157 2016 1429 2070 publicanum

78 2076 310 2128 spectantes
350 2077 396 2115 in
436 2077 593 2129 pariete
631 2078 786 2129 pictam
825 2075 1003 2116 Italiam.
1067 2075 1177 2124 Quid
1216 2090 1289 2117 vos
1332 2075 1429 2116 hic‘?

195 2185 213 2211 2
237 2178 386 2213 rhodios
415 2179 419 2224 1
448 2179 651 2223 Euphronii
678 2178 882 2215 Schneider.
933 2179 1127 2223 euphranii
1157 2181 1168 2224 Η
1199 2186 1217 2213 8
1244 2179 1329 2215 add.
1349 2190 1370 2215 v
1396 2183 1429 2214 et

77 2227 250 2261 curreetor
274 2226 407 2261 codicis
431 2226 539 2261 Flor.
571 2227 583 2271 Η
614 2233 632 2260 4
663 2226 822 2270 prieneis
850 2226 1080 2271 (priennaeus
1115 2227 1161 2271 V)
1194 2228 1205 2271 ΙΙ
1236 2233 1254 2260 8
1279 2226 1425 2270 Eupho-

77 2272 157 2306 rion
181 2283 212 2308 v.
240 2272 439 2317 eophorion
464 2275 475 2318 Η
500 2281 534 2307 12
558 2273 749 2308 nobilitate
785 2273 988 2318 (nobilitate
1015 2275 1107 2319 Pol.)
1133 2276 1144 2320 ΙΙ
1169 2281 1205 2309 18
1237 2274 1301 2319 qui
1330 2273 1423 2308 Keil.

78 2319 178 2362 quod
196 2321 207 2364 ΙΙ
226 2326 264 2354 2⁹
289 2321 463 2355 aeditimo
483 2322 494 2365 ΙΙ
514 2327 552 2355 32
579 2320 734 2365 Agrium
758 2332 794 2356 m
807 2333 837 2356 v.
888 2321 1026 2358 acrium
1045 2322 1058 2366 ss
