1555 2527
111 77 195 119 140
665 77 904 113 VARRONIS

107 176 317 217 inclusum
362 176 523 218 habeat.
586 179 799 231 praeterea
842 179 886 218 in
931 177 1074 218 eodem
1113 178 1339 231 consaepto
1377 176 1463 217 fere

108 235 259 277 habere
303 237 441 277 solent
485 236 550 290 [de
587 235 856 290 animalibus]
902 238 1097 278 cocliaria
1140 239 1265 291 atque
1306 237 1464 276 alvaria

108 297 232 349 atque
270 298 394 336 etiam
434 296 562 349 dolia,
607 296 679 336 ubi
717 296 898 336 habeant
937 297 1156 337 conclusos
1189 297 1329 351 glires,
1392 295 1463 336 sed

107 354 258 396 horum
290 358 479 396 omnium
512 355 711 408 custodia,
744 358 1048 397 incrementum
1078 358 1118 397 et
1143 358 1281 410 pastio
1308 357 1462 409 aperta,

68 412 401 469 3praeterquam
445 415 494 455 de
539 415 698 469 apibus.
768 418 860 469 quis
906 418 1016 456 enim
1060 418 1230 470 ignorat
1268 417 1412 469 saepta
1443 429 1464 455 e
1501 430 1516 456 5

107 476 296 515 maceriis
346 477 407 515 ita
457 489 544 515 esse
589 477 781 528 oportere
825 477 868 515 in
913 476 1139 529 leporario,
1190 477 1237 515 ut
1287 476 1463 516 tectorio

108 535 219 574 tacta
264 536 348 575 sint
387 537 427 574 et
459 537 544 574 sint
582 535 694 574 alta?
758 535 935 574 alterum
972 549 1025 575 ne
1063 535 1182 575 faelis
1215 536 1288 575 aut
1318 534 1464 575 maelis

108 594 240 634 aliave
285 608 391 647 quae
434 593 568 634 bestia
611 596 786 634 introire
830 596 982 647 possit,
1027 595 1205 635 alterum
1247 607 1300 635 ne
1337 594 1463 648 lupus

108 654 337 706 transilire3
381 653 523 707 ibique
568 668 656 694 esse
703 652 901 706 latebras,
952 653 1025 694 ubi
1069 654 1231 708 lepores
1281 653 1464 694 interdiu

110 712 349 753 delitiscant
379 715 424 753 in
455 714 652 767 virgultis
686 715 811 766 atque
842 712 994 765 herbis,
1036 715 1076 753 et
1108 712 1274 754 arbores
1307 713 1464 767 patulis
1486 728 1520 754 ιο

68 770 255 826 4ramis,
306 786 411 826 quae
461 773 624 826 aquilae
674 772 906 826 impediant
957 775 1143 813 conatus.
1223 775 1316 826 quis
1363 775 1464 813 item

107 834 257 885 nescit,
307 846 462 886 paucos
515 834 549 872 si
593 833 773 885 lepores,
823 846 956 872 mares
1002 846 1048 872 ac
1091 832 1285 885 feminas,
1335 834 1464 873 intro-

108 893 280 944 miserit,
312 891 427 932 brevi
459 893 647 945 tempore
679 891 768 932 fore
799 893 847 931 ut
878 892 1132 945 impleatur?
1182 893 1302 932 tanta
1325 891 1465 932 fecun-

109 951 215 991 ditas
257 951 381 991 huius
424 951 702 1005 quadripedis.
775 953 975 1004 quattuor
1015 951 1139 992 modo
1181 953 1293 992 enim
1335 953 1465 992 intro-

108 1013 224 1051 misit
243 1013 287 1051 in
307 1011 573 1064 leporarium‚
594 1010 709 1051 brevi
730 1011 837 1051 solet
856 1011 1018 1064 repleri.
1043 1012 1197 1052 etenim
1217 1024 1350 1064 saepe,
1371 1024 1465 1051 cum
1486 1026 1519 1052 15
1536 1054 1539 1057 ,

107 1069 264 1111 habent
290 1071 450 1111 catulos
477 1072 674 1123 recentes,
707 1071 811 1111 alios
838 1072 883 1110 'm
908 1072 1052 1111 ventre
1077 1070 1229 1111 habere
1254 1072 1466 1124 reperiun-

109 1132 189 1170 tur.
233 1132 374 1183 itaque
395 1130 443 1171 de
463 1132 514 1170 iis
535 1128 766 1171 Archelaus
788 1129 934 1170 scribit
953 1128 1012 1184 (p.
1037 1131 1115 1170 159
1144 1127 1239 1184 W),
1259 1143 1466 1171 annorum

111 1191 214 1243 quot
247 1191 302 1230 sit
334 1188 463 1243 qui[s]
496 1190 598 1230 velit
631 1192 751 1242 scire,
794 1192 1000 1243 inspicere
1036 1191 1228 1243 oportere
1259 1189 1468 1230 foramina

69 1245 294 1302 5naturae,
328 1249 439 1302 quod
473 1252 561 1289 sine
588 1249 714 1290 dubio
749 1250 854 1289 alius
883 1250 965 1290 alio
997 1249 1123 1290 habet
1148 1248 1338 1303 p<l>ura.
1387 1248 1465 1290 hos

110 1322 276 1362 quoque
307 1323 442 1362 nuper
473 1310 717 1349 institutum
742 1311 790 1349 ut
817 1311 1059 1363 saginarent
1083 1310 1342 1363 plerumque,
1371 1322 1467 1349 cum
1486 1324 1520 1350 20

111 1370 303 1422 exceptos
349 1382 370 1408 e
410 1369 618 1422 leporario
661 1368 843 1409 condant
880 1371 926 1409 in
958 1371 1091 1410 caveis
1125 1370 1166 1409 et
1196 1369 1290 1409 loco
1325 1369 1466 1410 clauso

109 1428 266 1469 faciant
309 1430 500 1482 pingues.
563 1442 743 1482 quorum
781 1442 880 1482 ergo
919 1430 1000 1469 tria
1037 1442 1191 1482 genera
1227 1428 1312 1468 fere
1351 1429 1466 1468 sunt:

109 1502 241 1528 unum
272 1488 462 1528 italicum
499 1488 578 1528 hoc
609 1490 804 1528 nostrum
835 1487 1011 1542 pedibus
1043 1490 1190 1541 primis
1221 1486 1466 1540 humilibus,

111 1547 414 1601 posterioribus
448 1548 561 1600 altis,
608 1550 821 1601 superiore
853 1549 971 1601 parte
1002 1548 1138 1602 pulla,
1181 1549 1326 1588 ventre
1357 1546 1466 1600 albo,

111 1606 281 1647 auribus
322 1607 475 1660 longis.
547 1609 618 1661 qui
656 1608 775 1661 lepus
816 1606 983 1660 dicitur,
1029 1621 1123 1648 cum
1159 1620 1366 1661 praegnas
1399 1608 1465 1660 sit,
1485 1621 1518 1648 25

111 1668 251 1707 tamen
292 1668 519 1719 concipere.
590 1669 635 1707 in
673 1666 811 1708 Gallia
851 1667 1113 1735 transalpina
1151 1668 1191 1706 et
1220 1665 1467 1708 Macedonia

110 1726 220 1766 fiunt
262 1728 498 1794 permagni,
548 1729 593 1766 in
636 1725 845 1780 Hispania
888 1728 928 1767 et
970 1728 1016 1767 in
1058 1725 1184 1766 Italia
1225 1725 1466 1769 mediocres.

71 1783 96 1824 6
112 1786 282 1826 alterius
318 1788 482 1839 generis
516 1788 594 1838 est,
640 1786 752 1840 quod
783 1788 828 1826 in
861 1784 999 1827 Gallia
1028 1787 1216 1826 nascitur
1247 1785 1299 1826 ad
1330 1783 1466 1839 Alpis,

112 1832 190 1899 qui
224 1844 304 1886 hoc
344 1845 429 1885 fere
468 1847 652 1898 mutant,
697 1845 809 1899 quod
846 1847 927 1886 toti
959 1845 1124 1886 candidi
1157 1846 1272 1886 sunt:
1309 1847 1340 1885 ii
1371 1858 1465 1886 raro

111 1904 380 1958 perferuntur
411 1903 601 1945 Romam.
663 1907 777 1945 tertii
821 1907 985 1959 generis
1031 1906 1125 1958 est,
1155 1904 1268 1958 quod
1309 1907 1355 1945 in
1391 1902 1466 1945 Hi·
1485 1919 1520 1945 ³0

113 1966 261 2018 spania
291 1966 489 2017 nascitur,
523 1965 672 2005 similis
704 1966 851 2005 nostro
884 1965 1018 2018 lepori
1051 1978 1099 2005 ex
1132 1963 1311 2018 quadam
1335 1965 1465 2018 parte,

113 2023 184 2065 sed
225 2023 402 2075 humile,
459 2037 581 2077 quem
636 2025 877 2065 cuniculum
927 2024 1155 2078 appellant.
1228 2022 1275 2067 L.
1318 2021 1465 2064 Aelius

232 2145 249 2172 2
276 2139 341 2173 del.
366 2139 501 2174 Gesner
521 2141 568 2183 119
595 2140 772 2184 interdius
802 2140 876 2175 eod.
900 2141 1021 2175 Paris.
1071 2139 1230 2173 interdiu
1250 2138 1325 2174 cod.
1348 2138 1462 2173 Laur.

113 2192 145 2222 et
178 2187 291 2231 171112
317 2197 358 2220 ac
385 2186 481 2221 Keil.
531 2189 571 2220 ut
601 2189 648 2231 (et
674 2187 891 2233 Schoettyen)
911 2189 978 2232 1114
1005 2198 1058 2230 sq.
1085 2186 1323 2220 intromiserit
1348 2185 1460 2231 Kei11v

113 2235 247 2269 etenim
286 2234 450 2269 Ursinus.
501 2237 542 2268 ut
567 2235 665 2268 enim
695 2236 706 2279 ΙΙ
737 2241 774 2268 18
807 2236 906 2279 quod
940 2236 944 2280 l
979 2235 1045 2269 del.
1074 2234 1161 2269 Keil
1190 2235 1202 2278 11
1232 2240 1268 2267 19
1299 2233 1408 2278 plura
1430 2245 1462 2268 v.

112 2292 202 2326 para
231 2283 242 2326 Η
273 2288 311 2315 20
342 2282 559 2325 plerumque
587 2282 680 2316 Keil.
728 2282 903 2326 pleraque
928 2283 940 2327 11
968 2288 1006 2316 28
1038 2282 1083 2316 ad
1117 2281 1227 2325 Alpes
1259 2281 1462 2316 Iucundus.

113 2330 266 2374 adadpis
286 2330 297 2374 ΙΙ
316 2335 354 2362 82
379 2329 530 2363 humilis
555 2329 749 2365 Schneider
767 2331 778 2374 Η
