1560 2506
434 55 601 91 RERVM
624 55 930 91 RVSTICARVM
955 56 1040 91 LIB.
1060 57 1075 90 Ι
1159 65 1162 67 ’
1403 56 1430 97 5

205 159 290 197 tere
320 169 452 209 usque
485 154 535 194 ad
565 153 769 195 brumam.
806 153 932 194 medii
971 155 1069 194 sunt
1101 154 1186 194 dies
1219 152 1325 195 XCI.
1357 168 1433 195 nec

205 217 300 255 ante
337 215 648 267 aequinoctium
681 227 817 267 neque
848 215 946 266 post
979 211 1168 253 brumam
1201 215 1280 254 seri
1313 227 1432 267 opor-

203 276 300 315 tere.
352 272 493 313 fabam
542 274 699 326 optime
750 274 829 312 seri
875 274 921 312 in
964 273 1235 327 vergiliarum
1285 286 1433 313 occasu

202 332 262 374 VI
310 332 403 373 idus
453 330 724 372 Novembres.
802 331 1054 372 vindemiam
1101 332 1192 372 fieri
1242 334 1434 385 oportere

52 407 67 434 5
202 393 312 433 inter
361 393 673 445 aequinoctium
722 392 963 431 autumnale
1012 390 1051 431 V
1099 391 1181 432 kal.
1232 389 1432 432 Octobres

203 453 244 491 et
268 451 540 505 vergiliarum
566 464 758 491 occasum
783 449 844 491 VI
867 450 961 491 idus
981 449 1251 491 Novembres.
1287 450 1445 491 deinde>

201 512 306 551 vites
350 512 492 564 putari
537 511 577 550 et
620 512 847 563 propagari
891 511 931 550 et
975 512 1055 550 seri
1098 524 1224 563 poma
1267 509 1432 564 frigidis

201 570 304 610 locis
330 584 424 610 vere

85 628 272 683 Septimo
313 629 536 670 intervallo
576 630 686 669 inter
723 628 994 682 vergiliarum
1033 643 1225 669 occasum
1262 627 1301 669 V
1339 628 1433 669 idus

33 704 66 730 10
202 687 460 729 Novembres
506 690 546 729 et
584 687 778 728 brumam
814 686 918 728 VIII
955 687 1038 728 kal.
1075 687 1290 728 Ianuarias
1330 702 1434 742 quae

201 747 291 789 fieri
323 749 515 802 oporteat

85 805 242 848 Octavo
291 807 515 848 intervallo
558 808 668 847 inter
711 805 903 847 brumam
946 805 1049 847 VIII
1092 806 1175 848 kal.
1218 806 1433 848 Ianuarias

203 868 244 907 et
274 866 491 907 favonium
516 865 555 906 V
585 865 678 906 idus
709 864 956 906 Februarias
984 880 1089 920 quae
1120 866 1210 907 fieri
1243 868 1435 920 oporteat

83 924 146 966 De
177 925 395 966 lunaribus
429 925 573 966 diebus

33 1000 65 1026 15
83 984 147 1025 De
192 986 322 1026 altera
358 987 595 1039 temporum
634 984 838 1025 divisione
877 986 1100 1025 coniuncta
1138 999 1231 1025 eum
1270 985 1356 1025 sole
1395 987 1436 1025 et

201 1045 303 1085 luna
334 1046 375 1085 et
404 1043 633 1098 habenti[s]
667 1058 736 1085 sex
768 1046 907 1098 partes

82 1102 145 1144 De
178 1105 367 1145 stercore.
431 1105 726 1157 sterquilinum
764 1117 846 1157 quo
882 1104 974 1144 loco
1007 1103 1243 1144 faciendum
1276 1106 1346 1157 sit,
1391 1106 1436 1144 in

203 1177 285 1217 quo
329 1163 465 1204 medio
511 1165 546 1203 si
589 1162 763 1204 robusta
805 1164 979 1203 materia
1019 1165 1073 1204 sit
1117 1162 1305 1217 depacta,
1349 1178 1436 1204 non

201 1225 317 1263 nasci
351 1225 584 1277 serpentem

31 1296 66 1322 20
86 1281 294 1330 Quattuor
327 1296 415 1322 esse
446 1296 600 1336 genera
632 1284 850 1335 seminum,
883 1283 923 1322 et
956 1296 1060 1336 quae
1087 1282 1310 1336 quo<que>
1335 1284 1436 1323 tem·

202 1355 303 1395 pore
336 1342 512 1395 locoque
545 1340 722 1382 debeant
755 1343 834 1381 seri

86 1399 200 1448 Quae
243 1402 328 1441 sint
365 1415 519 1455 genera
557 1403 779 1453 seminum,
825 1403 864 1441 et
903 1415 1026 1455 quem
1059 1401 1109 1442 ad
1141 1401 1312 1442 modum
1343 1416 1437 1456 pro-

202 1462 349 1514 pagari
382 1459 568 1513 debeant,
602 1462 642 1500 et
674 1459 826 1514 quibus
859 1460 1118 1514 temporibus
1152 1475 1318 1515 quoque
1344 1462 1440 1502 loco‘

202 1519 397 1573 ponenda
428 1522 514 1560 sint

32 1593 65 1619 25
84 1577 147 1619 De
192 1578 452 1633 temporibus
496 1579 882 1620 transferendorum
927 1581 1206 1633 surculorum,
1252 1582 1293 1620 et
1333 1595 1437 1634 quae

204 1640 288 1678 sint
319 1640 417 1692 post
449 1640 653 1679 sationem
685 1638 942 1679 observanda

84 1695 147 1738 De
177 1698 326 1738 melica

84 1754 147 1797 De
179 1758 312 1810 cytiso

87 1814 269 1863 Quoteni
299 1816 429 1857 modii
463 1818 654 1857 serantur
685 1819 730 1858 in
765 1819 912 1871 iugero
946 1816 1075 1869 fabae,
1108 1819 1250 1870 tritici,
1281 1817 1438 1870 hordei,

33 1889 67 1915 30
203 1875 325 1915 farris

87 1932 187 1974 Sata
218 1936 347 1988 quota
378 1949 566 1989 quaeque
599 1935 663 1976 die
695 1935 899 1990 prodeant
931 1935 980 1976 de
1012 1938 1122 1976 terra

85 1991 150 2033 Ex
182 1993 333 2047 quibus
366 1994 480 2035 foliis
514 1997 711 2049 cognosci
742 1997 909 2049 possint
941 1997 1041 2036 anni
1071 1997 1262 2049 tempora

87 2051 220 2100 Quem
252 2052 303 2093 ad
334 2053 507 2094 modum
539 2056 629 2094 sata
661 2056 746 2095 sint
777 2053 934 2095 tuenda

88 2110 201 2159 Quae
231 2113 278 2152 in
309 2115 424 2166 spica
455 2115 541 2154 sint
570 2113 776 2154 vocabula
807 2115 847 2154 et
879 2128 1025 2154 causae
1059 2128 1202 2155 eorum

203 2257 240 2284 16
264 2250 422 2286 habente
447 2252 634 2298 Angelius.
681 2252 850 2287 habentis
870 2255 881 2298 Η
901 2260 939 2287 20
966 2253 1050 2288 add.
1072 2254 1161 2288 Keil
1184 2255 1195 2296 ΙΙ
1221 2260 1256 2287 21
1282 2253 1437 2297 locoque

88 2296 184 2331 Keil.
220 2297 299 2332 loco
319 2300 360 2333 ut
379 2299 554 2344 (locove?)
575 2301 586 2344 ΙΙ
605 2306 643 2334 25
670 2311 723 2344 sq.
745 2311 839 2344 quae
857 2301 1001 2345 possint
1027 2301 1135 2345 (quae
1156 2301 1229 2335 sint
1256 2302 1302 2345 V)
1329 2302 1412 2344 post
1425 2300 1436 2319 r·
