1555 2527
101 79 119 118 1
129 78 186 118 24
651 73 893 110 VARRONIS

98 189 264 230 quoque
304 177 412 215 sunt.
474 187 608 227 neque
646 173 688 213 id
728 187 815 213 non
857 175 1046 213 secutum
1077 176 1125 213 ut
1158 176 1265 214 esset
1296 176 1341 214 in
1371 187 1456 214 me-

57 236 214 288 7rulis‚
247 248 352 288 quae
384 236 554 274 nomine
586 233 788 273 feminino
821 246 955 273 mares
986 246 1151 286 quoque
1179 236 1288 274 sunt.
1338 246 1456 286 prae-

96 297 209 335 terea
240 295 430 335 volucres
464 307 558 333 cum
590 294 745 345 partim
777 291 959 332 advenae
992 295 1087 345 sint,
1125 295 1174 332 ut
1208 292 1455 333 hirundines

97 356 138 394 et
177 368 320 407 grues,
365 355 519 406 partim
551 352 815 403 vernaculae,
853 353 901 391 ut
932 352 1115 405 gallinae
1147 366 1194 392 ac
1226 351 1456 405 columbae,

97 413 146 453 de
186 413 262 453 illo
307 426 457 466 genere
497 413 596 451 sunt
635 410 749 450 turdi
788 410 1021 452 adventicio
1061 425 1107 451 ac
1145 413 1373 465 quotannis
1410 413 1457 451 in
1493 427 1511 453 ⁶

95 471 264 513 Italiam
301 475 416 512 trans
455 485 569 510 mare
607 469 806 510 advolant
847 472 1011 510 circiter
1043 473 1356 524 aequinoctium
1387 484 1459 510 au-

96 532 284 572 tumnale
327 534 367 571 et
408 530 552 570 eodem
593 530 785 569 revolant
826 529 878 569 ad
919 532 1231 582 aequinoctium
1269 544 1458 583 vernum,

97 594 138 631 et
170 592 252 631 alio
285 593 473 643 tempore
505 591 689 629 turtures
724 602 770 628 ac
803 590 1037 629 coturnices
1069 591 1243 630 immani
1268 603 1458 630 numero.

95 651 175 691 hoc
216 652 276 690 ita
319 650 409 689 fieri
452 651 626 702 apparet
663 651 708 688 in
746 648 897 688 insulis
939 651 1190 702 propinquis
1223 647 1458 702 Ponti<i>s‚

95 709 345 761 Palmariae,
385 708 670 748 Pandateriae.
733 707 793 747 ibi
837 710 949 747 enim
994 709 1040 747 in
1077 711 1214 761 prima
1250 709 1457 761 volatura,
1477 725 1514 750 ιο

97 783 191 810 611111
223 770 415 821 veniunt,
453 770 674 808 morantur
707 766 792 807 dies
826 780 982 820 paucos
1015 767 1302 820 requiescendi
1333 781 1460 808 eausa

96 831 280 881 itemque
312 828 484 879 faciunt,
518 841 613 867 cum
645 841 694 866 ex
725 825 851 866 Italia
881 828 998 866 trans
1031 841 1144 866 mare
1176 828 1373 867 remeant.

56 886 82 927 8
217 886 383 940 Appius
418 885 546 939 Axio,
587 885 631 926 Si
664 888 849 939 quinque
881 886 1000 926 milia
1030 886 1110 926 hoc
1143 888 1355 939 coieceris,
1397 888 1462 926 in—

98 949 201 1001 quit,
235 949 275 987 et
301 949 379 986 erit
406 946 578 999 epulum
605 959 651 985 ac
677 945 931 998 triumphus,
965 948 1185 999 sexaginta
1209 947 1329 986 milia
1354 959 1461 999 quae

97 1010 160 1047 vis
200 1008 344 1046 statim
381 1008 427 1045 in
464 1006 585 1045 fenus
626 1005 695 1045 des
734 1005 878 1045 licebit
918 1005 1112 1045 multum.
1174 1004 1312 1057 <Tum
1343 1004 1539 1058 m1h1,15·

97 1066 173 1118 tu>
220 1066 285 1106 dic
334 1066 434 1105 illut
483 1065 661 1105 alterum
712 1079 845 1118 genus
899 1064 1156 1116 ornithonis,
1208 1067 1281 1118 qui
1331 1066 1463 1105 animi
1551 1067 1553 1069 ’

98 1140 224 1166 causa
265 1126 522 1165 constitutus
564 1139 588 1164 a
627 1126 668 1164 te
708 1124 785 1164 sub
819 1122 972 1164 Casino
1015 1097 1165 1176 fertur),
1208 1127 1255 1165 in
1287 1138 1370 1178 quo
1403 1123 1463 1164 (11-

99 1188 202 1226 ceris
246 1185 374 1238 longe
417 1186 568 1224 vicisse
610 1197 698 1224 non
741 1183 867 1224 modo
919 1183 1179 1237 archetypon
1227 1185 1462 1224 inventoris

97 1246 234 1286 nostri
273 1243 649 1296 ornithotrophion
685 1241 742 1283 M.
775 1241 905 1283 Laeni
938 1241 1177 1296 Strabonis,
1223 1246 1296 1296 qui
1327 1242 1464 1283 Brun-

99 1304 195 1344 disii
220 1303 373 1357 hospes
399 1305 545 1344 noster
569 1305 731 1356 primus
757 1305 804 1342 in
828 1303 1033 1356 peristylo
1054 1302 1204 1342 habuit
1224 1301 1464 1356 exhed[e]ra
1483 1316 1519 1342 80

100 1364 318 1404 conclusas
359 1377 471 1415 aves,
517 1376 620 1416 quas
659 1364 848 1415 pasceret
887 1361 1051 1402 obiecto
1083 1364 1187 1414 rete,
1233 1362 1305 1402 sed
1336 1364 1464 1402 etiam

59 1420 145 1463 9in
164 1422 404 1463 Tusculano
431 1436 586 1475 magna
612 1421 801 1462 aedificia
820 1420 999 1462 Luculli.
1046 1420 1212 1473 Qufo>i
1238 1435 1328 1475 ego,
1355 1419 1464 1463 Cum

99 1482 276 1522 habeam
316 1481 392 1522 sub
433 1481 589 1535 oppido
630 1479 784 1522 Casino
822 1480 998 1533 flumen,
1043 1481 1157 1534 quod
1199 1495 1274 1534 per
1316 1481 1464 1521 villam

100 1541 220 1593 fluat,
265 1541 475 1594 liquidum
520 1544 560 1581 et
604 1541 738 1580 altum
781 1540 1045 1594 marginibus
1089 1540 1284 1594 lapideis,
1327 1541 1464 1581 latum

99 1600 224 1655 pedes
271 1603 580 1654 quinquaginta
619 1602 796 1653 septem,
841 1603 882 1640 et
921 1614 941 1640 e
971 1600 1075 1640 villa
1105 1602 1152 1640 in
1181 1600 1328 1640 villam
1359 1613 1463 1653 pon—
1482 1613 1518 1639 25

99 1660 214 1701 tibus
254 1662 508 1712 transeatur,
553 1660 731 1714 longum
774 1659 899 1713 pedes
939 1669 1118 1700 DCCCCL
1156 1659 1367 1700 derectum
1410 1659 1462 1699 ab

100 1720 242 1761 insula
274 1718 343 1772 [ad
369 1718 622 1772 musaeum],
656 1733 761 1772 quae
794 1721 856 1759 est
886 1721 933 1759 in
963 1721 1049 1759 imo
1082 1717 1228 1771 fluvio,
1261 1718 1335 1759 ubi
1367 1732 1464 1759 con-

101 1778 196 1819 fiuit
217 1779 347 1818 altera
367 1781 514 1831 amnis,
535 1779 587 1819 ad
608 1793 819 1818 summum
835 1778 1004 1830 flumen,
1023 1777 1098 1818 ubi
1116 1780 1178 1818 est
1196 1776 1463 1831 mus[a]eum,

32 1833 88 1876 10
103 1841 258 1879 circum
289 1838 414 1878 huius
447 1841 560 1891 ripas
594 1837 825 1878 ambulatio
859 1837 936 1878 sub
964 1837 1032 1878 dio
1058 1837 1183 1891 pedes
1209 1838 1296 1877 lata
1322 1837 1463 1891 denos,

103 1897 154 1938 ab
198 1897 276 1937 hac
320 1896 587 1950 [ambulatio]
634 1899 697 1937 est
739 1900 786 1938 in
835 1911 985 1951 agrum
1034 1911 1178 1937 versus
1224 1897 1463 1938 ornithonis
1483 1910 1519 1935 30

223 2044 240 2070 2
268 2039 352 2070 sunt
376 2049 421 2071 m.
474 2036 546 2070 sint
571 2038 581 2081 ΙΙ
607 2043 624 2070 5
652 2036 859 2080 quodannis
879 2038 928 2081 119
960 2037 1043 2071 add.
1080 2037 1262 2071 Victorius
1279 2038 1291 2080 Η
1309 2043 1347 2070 10
1371 2047 1461 2080 pan-

104 2084 265 2118 dateriae
281 2085 555 2128 (pandatheriae
578 2085 624 2129 V)
645 2086 656 2127 ΙΙ
675 2091 711 2117 13
732 2084 904 2118 coieceris
925 2084 1136 2123 (conieceris
1161 2085 1205 2128 V)
1225 2086 1236 2128 ΙΙ
1255 2091 1292 2117 15
1307 2095 1360 2127 sq.
1375 2083 1461 2118 add.

104 2132 193 2167 Keil
219 2132 308 2166 duce
334 2133 501 2166 Iucundo
521 2133 531 2175 11
551 2139 587 2165 19
615 2143 668 2175 sq.
694 2132 890 2165 brundusii
920 2131 1117 2174 (brundisii
1142 2132 1217 2167 eod.
1247 2133 1348 2175 Par.)
1371 2133 1376 2169 Ι
1398 2142 1462 2175 pe-

103 2179 221 2213 ristilo
245 2180 248 2223 Ι
272 2179 337 2213 del.
364 2191 399 2214 m
424 2182 435 2223 Η
461 2186 498 2212 ‘22
524 2190 660 2223 magna
685 2179 853 2213 aedificia
878 2180 974 2214 Keil.
1024 2189 1159 2223 magno
1185 2178 1352 2213 aedificio
1375 2180 1380 2224 l
1403 2178 1463 2213 cui

104 2237 173 2271 ego
200 2227 400 2261 Iuczmdus.
442 2227 506 2270 qui
533 2237 600 2271 ego
621 2229 631 2270 ΙΙ
652 2233 689 2260 24
716 2227 831 2260 altum
854 2227 1057 2261 Iucundus.
1096 2226 1211 2260 alium
1229 2228 1241 2270 ΙΙ
1260 2233 1298 2260 27
1320 2238 1373 2270 sq.
1395 2226 1463 2261 del.

111 2274 266 2310 Ursinus
295 2275 298 2318 Ι
328 2274 366 2307 111
398 2274 472 2308 imo
506 2275 593 2309 Keil
619 2275 706 2309 duce
736 2275 849 2309 Turn.
880 2274 939 2318 (ab
966 2274 1066 2319 imo).
1117 2273 1240 2308 animo
1274 2274 1279 2319 Ι
1314 2273 1465 2309 confluit

103 2333 135 2356 υ.
187 2321 343 2356 confluet
361 2324 372 2366 Η
392 2328 431 2355 30
456 2322 522 2356 del.
550 2323 636 2356 Keil
655 2324 666 2366 ΙΙ
