1555 2527
75 101 130 143 68
635 100 876 137 VARRONIS

46 208 60 241 Ι
195 197 300 240 Cum
332 198 518 240 Menates
552 199 826 253 discessisset,
861 198 1078 241 Cossinius
1112 200 1234 252 mihi,
1266 198 1357 240 Nos
1390 202 1432 241 te

72 273 160 300 non
192 258 468 311 dimittemus,
512 261 670 312 inquit,
715 262 940 313 antequam
976 260 1053 299 illa
1084 261 1166 300 tria
1198 260 1430 312 explicaris,

72 331 178 371 quae
211 332 404 371 coeperas
436 333 572 371 nuper
604 318 754 371 dicere,
798 318 950 372 (cum)
983 333 1126 359 sumus
1159 319 1430 372 interpellati.

73 376 188 426 Quae
238 378 347 418 tria?
397 380 538 431 inquit
586 377 790 430 Murrius,
842 392 895 418 an
929 392 975 418 ea
1025 392 1130 431 quae
1179 377 1284 418 mihi
1334 377 1431 419 here

72 436 216 477 dixisti
255 437 303 477 de
340 439 567 490 pastoricia
604 437 676 477 re?
738 436 842 489 Ista,
882 440 1023 490 inquit
1063 438 1152 489 ille,
1197 451 1303 491 quae
1342 451 1430 478 coe-
1469 453 1486 477 5

71 498 190 550 perat
233 496 302 537 hic
346 496 564 548 disserere,
609 510 714 549 quae
758 498 867 537 esset
905 499 1042 550 origo,
1088 510 1193 550 quae
1234 496 1432 550 dignitas,

73 569 178 609 quae
229 570 313 607 ars,
364 570 458 596 cum
502 555 531 607 †
575 557 743 608 poetam
788 570 927 596 sesum
976 558 1109 596 visere
1159 558 1431 609 venissemus,

30 614 117 655 2111
168 615 317 655 medici
363 615 564 655 adventus
614 629 692 655 nos
742 615 984 668 inpedisset.
1066 614 1160 669 Ego
1205 629 1319 668 vero,
1369 618 1432 655 111-

70 688 208 728 quam,
242 674 376 714 dicam
409 674 627 714 dumtaxat
660 674 773 727 quod
804 676 867 714 est
898 673 1144 726 historicon,
1186 674 1235 715 de
1267 674 1429 715 duabus

70 733 193 774 rebus
213 736 360 787 primis
384 747 489 787 quae
509 736 660 786 accepi,
682 733 731 773 de
754 736 917 787 origine
939 735 979 773 et
999 733 1217 787 dignitate.
1238 733 1287 774 de
1306 736 1432 774 tertia
1454 750 1485 775 ιο

69 795 200 846 parte,
232 793 305 833 ubi
338 794 401 833 est
433 792 481 833 de
515 795 613 845 arte,
653 791 799 833 Scrofa
830 794 1042 846 suscipiet,
1084 795 1132 832 ut
1164 795 1428 846 semigraecis

69 852 310 905 pastoribus
344 852 479 892 dicam
504 866 662 906 graece,
696 850 743 899 ὅς
770 849 850 905 πέρ
876 867 962 902 μου
988 851 1156 892 πολλὸν
1181 850 1431 906 ἀμείνω<ν>

70 909 210 965 (Hom.
233 910 409 965 H114).
462 926 560 951 nam
585 914 621 951 is
652 913 855 965 magister
888 909 931 952 C.
962 910 1098 951 Lucili
1124 911 1253 964 Hirri,
1286 914 1431 966 generi

69 973 144 1024 tui,
180 974 297 1011 cuius
330 971 493 1011 nobiles
525 972 744 1024 pecuariae
775 973 822 1011 in
851 969 1032 1011 Bruttiis
1065 970 1286 1012 habentur.
1349 969 1430 1012 Sed

69 1030 171 1071 haec
202 1033 262 1070 ita
294 1045 318 1070 a
347 1030 470 1071 nobis
504 1032 735 1084 accipietis,
778 1032 919 1083 inquit
952 1028 1114 1082 Scrofa,
1152 1032 1200 1070 ut
1231 1044 1323 1083 vos,
1357 1033 1430 1084 qui
1451 1048 1483 1074 15

69 1092 169 1130 estis
202 1089 410 1143 Epirotici
448 1088 723 1143 pecuari<ae>
754 1089 953 1141 athletae,
994 1092 1319 1130 remuneremini
1349 1104 1428 1131 nos

70 1164 117 1190 ac
149 1163 254 1203 quae
287 1151 402 1189 scitis
435 1149 658 1202 proferatis
684 1151 731 1189 in
755 1148 950 1189 medium.
999 1163 1123 1190 nemo
1151 1152 1261 1190 enim
1287 1152 1430 1190 omnia

29 1206 210 1262 3potest
253 1211 368 1249 scire.
450 1206 557 1249 Cum
600 1210 852 1262 accepissem
897 1208 1186 1250 condicionem
1230 1210 1271 1248 et
1312 1223 1429 1249 meae

70 1270 208 1321 partes
248 1270 387 1308 essent
428 1270 604 1321 primae,
647 1282 736 1309 non
777 1282 859 1322 quo
899 1281 987 1308 non
1025 1282 1103 1322 ego
1135 1270 1350 1321 pecuarias
1382 1270 1430 1309 in

69 1326 273 1381 Italia[m]
306 1327 493 1380 habeam,
533 1327 604 1368 sed
634 1342 722 1368 non
755 1341 898 1368 omnes
932 1330 1005 1380 qui
1036 1327 1193 1368 habent
1225 1327 1429 1368 citharam
1448 1345 1482 1370 ρο

70 1389 170 1427 sunt
202 1387 448 1428 citharoedi:
480 1386 630 1441 Igitur,
661 1390 847 1440 inquam,
881 1389 921 1427 et
952 1386 1144 1427 homines
1178 1389 1218 1427 et
1248 1387 1426 1440 pecudes

71 1460 165 1486 cum
198 1461 359 1499 semper
390 1447 520 1487 fuisse
554 1449 609 1487 sit
640 1461 808 1487 necesse
838 1448 991 1487 natura
1016 1470 1073 1474 —
1100 1448 1186 1487 sive
1218 1449 1330 1486 enim
1355 1447 1428 1486 ali-

71 1505 183 1559 quod
210 1506 291 1546 fuit
317 1508 575 1559 principium
600 1506 828 1560 generandi
849 1507 1107 1558 animalium,
1139 1508 1187 1546 ut
1205 1505 1428 1559 putavi<t>

68 1565 220 1605 Thales
247 1563 438 1605 Milesius
466 1568 506 1606 et
535 1565 648 1606 Zeno
676 1563 848 1617 Citieus,
881 1567 967 1606 sive
999 1568 1146 1606 contra
1169 1568 1428 1619 principium

69 1624 220 1665 horum
258 1627 397 1665 extitit
433 1626 617 1677 nullum,
662 1627 710 1665 ut
749 1624 924 1666 credidit
961 1624 1226 1679 Pythagoras
1260 1624 1425 1666 Samius
1446 1642 1480 1667 25

188 1735 203 1761 1
230 1740 283 1771 sq.
309 1731 413 1762 noste
438 1739 511 1762 non
537 1729 612 1764 cod.
634 1730 758 1764 Paris.
789 1739 896 1763 nosse
927 1739 1000 1762 non
1023 1731 1027 1772 Ι
1049 1728 1114 1763 illa
1143 1728 1214 1762 tria
1249 1729 1332 1772 (tria
1363 1728 1428 1763 illa

69 1776 282 1821 apoyrapha
302 1777 495 1811 ozomzulla.
546 1777 610 1810 illa
634 1776 705 1810 tria
729 1787 820 1812 corr.
846 1776 918 1810 tria
941 1776 1006 1810 illa
1031 1777 1071 1810 in
1097 1776 1289 1821 archetypo
1314 1776 1428 1819 fuisse

67 1823 224 1867 videtur)
256 1826 266 1866 ΙΙ
298 1830 316 1856 3
343 1824 427 1858 add.
456 1824 635 1869 Anyelizts
664 1826 676 1868 ΙΙ
704 1831 722 1858 5
748 1824 818 1858 ista
850 1824 959 1868 (insta
991 1824 1038 1866 V)
1068 1824 1072 1868 1
1101 1824 1234 1868 inquit]
1262 1835 1308 1857 an
1334 1823 1426 1867 quid

70 1871 205 1915 (inquit
224 1871 391 1914 plurima
416 1872 641 1917 apem-apher,
674 1883 720 1906 an
747 1871 838 1915 quid
864 1872 941 1907 Pol.
969 1875 1002 1906 et
1026 1872 1102 1906 cod.
1131 1871 1168 1905 F
1170 1871 1247 1912 lor.)
1268 1873 1279 1915 ΙΙ
1300 1878 1315 1904 ’1
1343 1882 1426 1905 cum

67 1920 215 1961 poetam
239 1929 311 1962 sqq.
312 1919 336 1963 ]
361 1923 484 1953 notam
511 1919 716 1963 adpositam
741 1930 812 1954 esse
837 1920 1029 1954 adnotavit
1054 1919 1236 1954 Victorius
1261 1918 1427 1962 (Paetum

67 1965 205 1999 fessum
221 1966 387 2010 Ursinus)
403 1966 442 2011 {18
456 1967 493 2000 111
506 1967 709 2001 Iucundus.
730 1978 774 2001 ne
789 1967 863 2011 (nei
879 1967 975 2010 Keil)
1000 1969 1004 2010 Ι
1027 1967 1243 2010 impedisset
1257 1967 1423 2002 Ursinus.

68 2013 262 2046 inredisset
280 2014 291 2057 ΙΙ
310 2019 346 2046 12
362 2014 524 2048 ΟΟΠΕΡ
540 2014 858 2048 ΜΟΥΤΙΟΛΛΟΝ
871 2034 878 2040 ·
892 2014 1239 2056 M61w‹.)cod.Par.‚
1253 2013 1342 2057 ὅπερ
1354 2027 1424 2057 μου

67 2060 204 2095 πολλὸν
230 2058 367 2104 ἀμείνω
393 2061 471 2095 Pol.
508 2063 542 2104 (ν
569 2062 655 2096 add.
681 2062 885 2105 Iucundus)
906 2063 917 2106 η
935 2068 972 2094 13
999 2060 1035 2095 C.
1061 2061 1178 2095 Lucili
1203 2061 1300 2095 Hirri
1328 2061 1423 2106 Nip-

64 2107 174 2152 perde
177 2119 210 2153 J.
261 2107 297 2141 C.
329 2107 445 2141 lucilli
480 2109 577 2152 hipri
609 2111 620 2153 Η
651 2116 687 2143 16
724 2109 917 2153 pecuariae
951 2109 1108 2143 athletae
1134 2109 1232 2144 Keil.
1291 2119 1423 2152 pecua-

68 2155 260 2189 riathietae
287 2156 299 2199 ΙΙ
324 2161 360 2188 18
386 2156 610 2199 accepissent
638 2157 881 2192 Reitzenstein
903 2159 907 2200 1
931 2156 1178 2190 conditionem
1203 2158 1214 2201 11
1241 2162 1278 2189 19
1305 2167 1357 2199 sq.
1385 2156 1423 2189 in

68 2202 210 2236 italiam
236 2202 287 2246 (in
320 2202 424 2236 Italia
456 2204 503 2247 V)
524 2205 588 2247 '121
628 2216 681 2248 sq.
708 2216 800 2248 pec-u
839 2215 923 2238 cum
957 2204 1073 2248 (pecd'
1102 2215 1185 2237 cum
1217 2203 1294 2238 eod.
1321 2204 1423 2246 Par.,

68 2261 187 2294 pecua
212 2261 294 2283 cum
320 2251 468 2293 antiqui
486 2251 571 2285 libre?
597 2251 760 2294 Victorii,
786 2262 960 2296 pecorum
979 2252 1193 2297 apoqrapha
1210 2251 1420 2286 recentiora.

67 2308 161 2341 pecu
188 2309 270 2330 cum
295 2299 537 2341 superscripto
565 2299 597 2331 d'
627 2300 797 2343 [pecudes
823 2300 869 2344 m]
898 2300 939 2334 in
970 2300 1162 2345 archetypo
1187 2299 1301 2342 fuisse
1325 2298 1422 2334 vide-

68 2347 141 2389 tur)
162 2346 173 2390 Η
193 2351 231 2378 23
257 2356 310 2388 sq.
337 2346 584 2388 putauithales
607 2347 612 2390 Ι
635 2347 773 2393 cytieus
794 2348 805 2391 ΙΙ
