1560 2506
33 758 66 782 10

31 1053 64 1077 15

31 1348 65 1373 20

31 1643 63 1669 25

31 1939 65 1964 30

415 111 583 146 RERVM
606 111 912 146 RVSTICARVM
936 112 1022 146 LJB.
1041 113 1073 146 H
1099 116 1118 147 3
1382 113 1439 155 83

87 209 250 250 scribit:
292 223 379 250 non
416 211 464 248 ut
500 209 663 261 reliqua
699 209 897 254 animalia
932 209 1122 262 naribus,
1165 210 1235 250 sed
1270 210 1444 250 auribus

88 271 283 322 spiritum
306 268 453 309 ducere
474 268 606 308 solere
625 270 813 320 pastores
835 270 1082 308 curiosiores
1104 269 1265 322 aliquot
1285 269 1440 310 dicunt.

205 326 267 367 De
309 327 450 366 alteris
490 329 691 379 quattuor
722 327 834 379 quod
866 329 928 367 est
960 327 1008 367 de
1039 330 1181 380 pastu,
1225 328 1304 368 hoc
1337 327 1501 375 dicos&

89 386 324 426 stabulatur
354 399 480 438 pecus
512 386 675 439 melius,
707 385 758 426 ad
789 385 987 426 bibemos
1014 389 1179 427 exortos
1208 389 1242 427 si
1269 390 1440 440 spectat,

88 445 200 498 quod
231 447 294 485 est
324 445 537 485 alsiosum.
610 445 670 497 id,
715 448 764 484 ut
800 446 1017 498 pleraque,
1061 445 1198 498 lapide
1230 449 1302 486 aut
1333 448 1442 486 testa

87 504 298 544 substerni
341 506 524 557 oportet,
577 505 730 557 caprile
772 518 855 557 quo
896 507 1035 544 minus
1082 507 1137 544 sit
1180 505 1439 558 uliginosum

87 577 133 604 ac
170 563 440 603 lutulentum.
501 563 604 603 foris
644 578 738 603 cum
771 565 834 603 est
863 563 1213 616 pernoctandum,
1258 566 1358 604 item
1396 567 1441 604 in

86 621 258 662 eandem
306 624 469 675 partem
520 623 623 662 caeli
673 636 778 675 quae
829 625 1019 676 spectent
1075 626 1218 675 saepta
1273 626 1441 676 oportet

87 681 300 722 substerni
343 682 560 734 virgultis,
603 696 656 721 ne
701 681 958 722 oblinantur.
1018 695 1106 722 non
1144 683 1279 722 multo
1321 683 1442 722 aliter

85 739 288 780 tuendum
330 740 411 781 hoc
453 754 579 793 pecus
623 743 668 780 in
712 743 836 794 pastu
882 743 1005 793 atque
1049 742 1242 794 ovillum,
1294 740 1441 794 [quod]

84 801 225 839 tamen
268 799 426 840 habent
465 814 540 839 sua
577 803 749 853 propria
788 800 1008 853 quaedam,
1053 800 1165 853 quod
1196 803 1339 853 potius
1374 802 1442 840 sil-

84 858 293 899 vestribus
336 858 512 899 saltibus
558 859 816 900 delectantur
860 873 986 913 quam
1029 862 1173 912 pratis.
1255 859 1480 900 studiose?

74 921 196 958 >enim
238 917 286 957 de
328 918 563 971 agrestibus
608 918 830 958 fruticibus
869 922 1100 972 pascuntur
1138 921 1262 972 atque
1299 922 1344 959 in
1383 920 1442 959 lo—

85 980 142 1017 cis
181 978 305 1017 cultis
343 978 530 1030 virgulta
567 980 755 1030 carpunt.
808 980 949 1031 itaque
988 992 1012 1017 a
1049 978 1255 1031 carpendo
1294 992 1441 1031 caprae

84 1039 337 1077 nominatae.
417 1036 468 1076 ab
512 1037 592 1077 hoc
634 1040 679 1077 in
724 1038 815 1090 lege
865 1038 1086 1077 locationis
1137 1037 1258 1077 fundi
1308 1040 1443 1091 excipi

85 1096 204 1149 solet,
223 1110 276 1136 ne
296 1096 470 1136 colonus
493 1095 696 1149 capra[m]
715 1099 863 1136 natum
882 1099 927 1136 in
947 1096 1078 1136 fundo
1098 1099 1254 1149 pascat.
1292 1097 1442 1136 harum

84 1157 196 1195 enim
228 1154 371 1195 dentes
404 1157 564 1195 inimici
597 1154 821 1208 sationi[s],
855 1170 957 1209 quas
991 1158 1116 1195 etiam
1149 1157 1354 1209 astrologi
1382 1158 1443 1196 ita

83 1216 331 1267 receperunt
366 1216 412 1254 in
451 1215 628 1268 caelum,
672 1217 720 1255 ut
758 1217 875 1254 extra
911 1215 1096 1255 lembum
1135 1215 1352 1255 duodecim
1391 1218 1442 1255 si-

84 1287 267 1327 gnorum
293 1274 563 1314 excluserint:
598 1276 697 1314 sunt
729 1274 810 1315 duo
836 1274 958 1314 haedi
985 1277 1026 1314 et
1052 1288 1176 1326 capra
1201 1288 1288 1315 non
1315 1275 1441 1328 longe

85 1346 110 1372 a
139 1334 273 1373 tauro.
324 1332 435 1386 quod
469 1332 520 1372 ad
551 1333 731 1373 feturam
760 1336 954 1386 pertinet,
987 1333 1211 1373 desistente
1238 1332 1482 1374 autumnoS

85 1393 261 1445 exigunt
293 1406 316 1431 a
347 1405 474 1445 grege
505 1394 551 1432 in
577 1391 783 1445 camp0[s]
809 1393 946 1433 hircos
973 1395 1018 1432 in
1044 1393 1230 1445 caprilia,
1262 1395 1363 1433 item
1394 1395 1442 1432 ut

83 1453 129 1491 in
179 1451 378 1491 arietibus
429 1451 598 1492 dictum.
685 1465 790 1505 quae
841 1454 1048 1520 concepit,
1098 1455 1196 1504 post
1245 1454 1441 1505 quartum

83 1524 268 1550 mensem
317 1509 454 1550 reddit
501 1512 688 1563 tempore
737 1525 878 1552 verno.
951 1514 994 1551 in
1043 1513 1258 1551 nutricatu
1308 1511 1441 1564 haedi,

83 1571 314 1609 trimestres
360 1583 454 1609 cum
499 1572 599 1609 sunt
639 1570 756 1622 facti,
806 1573 897 1610 tum
949 1570 1258 1611 submittuntur
1308 1573 1348 1610 et
1396 1573 1440 1610 in

84 1642 211 1682 grege
254 1631 466 1681 incipiunt
510 1643 609 1669 esse.
684 1603 784 1682 quid
823 1630 956 1670 dicam
995 1629 1044 1669 de
1076 1644 1218 1669 earum
1251 1632 1440 1681 sanitate,

84 1700 190 1740 quae
232 1702 463 1741 numquam
508 1691 607 1728 sunt
646 1689 798 1729 sanae?
859 1691 943 1729 nisi
980 1691 1121 1729 tamen
1157 1688 1265 1728 illud
1297 1703 1441 1741 unum,

84 1746 286 1799 quaedam
325 1749 481 1800 scripta
517 1747 669 1788 habere
706 1750 932 1801 magistros
969 1751 1150 1801 pecoriS,
1196 1748 1348 1800 quibus
1381 1762 1441 1788 re-

83 1805 230 1846 mediis
269 1808 444 1846 utantur
476 1806 526 1846 ad
558 1807 727 1847 morbos
761 1807 965 1860 quosdam
997 1821 1139 1847 earum
1172 1821 1218 1847 ac
1249 1808 1441 1847 vulnera-

83 1866 175 1904 tum
213 1879 381 1918 corpus,
427 1865 538 1919 quod
576 1880 656 1906 usu
694 1869 810 1906 venit
849 1869 900 1906 iis
934 1881 1071 1919 saepe,
1111 1866 1225 1919 quod
1255 1869 1366 1907 inter
1398 1881 1440 1907 se

85 1924 281 1964 cornibus
325 1927 521 1978 pugnant
564 1927 688 1978 atque
731 1928 776 1965 in
821 1928 1002 1978 spinosis
1046 1926 1149 1966 locis
1197 1928 1440 1978 pascuntur.

203 2069 221 2095 2
248 2063 418 2106 spiritum
445 2075 517 2098 mv.
561 2064 720 2097 sitritum
755 2065 760 2107 Ι
794 2064 945 2107 aliquod
976 2066 987 2108 Η
1016 2071 1034 2097 9
1061 2064 1243 2098 substerni
1268 2064 1439 2108 uirgultis

86 2110 366 2153 (substernimus
405 2111 517 2155 gultis
555 2112 719 2154 plurima
751 2112 975 2156 apoyraphsc.
1027 2111 1292 2145 substernimus
1327 2112 1439 2155 gultis

84 2168 173 2192 corr.
213 2157 394 2192 substerni
432 2159 602 2202 uirgultis
640 2160 682 2193 in
713 2160 905 2203 archetypo
937 2159 1049 2201 fuisse
1079 2159 1235 2203 videtur)
1267 2161 1278 2203 ΙΙ
1308 2166 1346 2192 10
1372 2160 1438 2193 del.

87 2204 174 2239 Keil
203 2206 214 2248 11
245 2212 281 2238 13
312 2205 505 2239 fruticibus
542 2205 766 2249 (fructicibus
793 2207 962 2250 plurima
994 2207 1220 2251 apographa)
1252 2208 1257 2249 Ι
1288 2207 1408 2249 adque
1428 2207 1440 2246 ζξ

85 2258 123 2284 16
149 2252 213 2286 del.
248 2253 282 2287 V
308 2254 319 2297 l}
350 2260 386 2285 17
414 2253 478 2287 (lez.
507 2255 589 2287 Kez'l
618 2255 629 2296 ΙΙ
662 2260 696 2286 21
725 2254 788 2287 del.
825 2254 859 2289 V
883 2255 896 2298 Ι]
927 2260 964 2286 22
991 2254 1156 2296 concepit
1180 2266 1212 2288 v.
1252 2254 1430 2298 concipit}

87 2304 124 2332 24
154 2301 238 2332 sunt
268 2300 474 2335 Schneider.
514 2301 586 2334 sint
615 2302 627 2345 ss
658 2307 697 2334 28
724 2312 776 2343 sq.
804 2301 1034 2335 vulneratum
1059 2312 1103 2335 m.
1152 2301 1306 2334 uulnera
1329 2302 1439 2346 tunel¹

87 2351 127 2378 30
153 2347 262 2389 atque
287 2347 326 2380 in
353 2347 509 2390 spinosis
534 2359 607 2382 mv.
659 2348 771 2390 adqui
798 2348 835 2381 in
862 2348 979 2391 sposis
998 2350 1010 2391 ΙΙ

1174 2406 1219 2439 6*
