1555 2527
119 76 201 118 138
674 77 914 112 VARRONlS

115 189 207 217 cum
241 178 304 216 651
336 175 466 228 arida,
506 176 554 217 fit
584 175 741 217 viridis.
804 176 907 218 folia
939 179 1025 217 eius
1059 176 1323 230 decerpentes
1357 176 1469 230 dant,

114 249 183 288 ne,
228 238 263 276 si
302 250 349 277 60
387 237 614 290 inegerint‚
658 235 732 276 ubi
769 238 973 288 nascitur,
1017 238 1089 276 aut
1122 235 1348 277 obterendo
1380 250 1469 290 per-

115 294 216 335 dant
260 297 332 335 aut
375 297 458 349 ipsi
504 295 707 336 cruditate
751 298 939 349 pereant:
990 309 1157 336 voraces
1209 297 1320 336 enim
1371 297 1470 336 sunt

113 357 275 395 natura.
329 368 412 408 quo
444 355 761 408 temperandum
792 357 857 407 iis,
890 357 962 408 qui
993 357 1166 409 propter
1198 354 1470 409 cupiditatem

115 428 237 468 saepe
270 416 316 455 in
347 414 572 468 pascendo,
620 417 654 454 si
686 414 867 454 radicem
898 414 1172 468 prenderunt,
1217 428 1343 468 quam
1375 414 1470 456 edu-

115 488 204 515 cere
235 474 368 515 velint
400 489 420 514 e
452 476 579 527 terra,
624 474 882 527 abrumpunt
920 475 1092 515 collum:
1136 473 1470 528 perimbecillum

115 535 226 574 enim
252 533 307 586 id,
340 536 387 573 ut
414 536 540 587 caput
565 534 704 574 molle.
756 535 790 573 si
816 533 917 574 haec
945 532 1130 585 <h>erba
1154 548 1242 575 non
1269 536 1342 586 est,
1373 533 1470 574 dan-

115 592 214 633 dum
252 592 455 634 hordeum
494 594 566 633 aut
603 593 861 633 frumentum
905 593 1021 633 aliut.
1083 607 1178 634 cum
1210 595 1272 634 651
1304 595 1469 647 tempus

74 649 357 706 6fa'rragim's,
403 652 602 705 dandum,
648 654 695 692 ut
726 654 772 692 in
805 651 937 706 seri[i]
970 652 1067 693 dixi.
1130 667 1225 693 cum
1255 653 1469 706 incubant,

114 712 317 753 hordeum
366 714 418 752 iis
468 713 663 752 intritum
712 714 757 752 in
801 725 909 765 aqua
958 711 1266 766 apponendum.
1339 713 1468 767 pullis

113 774 298 825 primum
335 771 463 812 biduo
502 772 674 825 polenta
706 773 778 811 aut
808 771 1013 812 hordeum
1045 773 1290 825 apponitur,
1334 772 1468 813 tribus

114 833 317 884 proximis
363 833 622 871 nasturtium
672 831 802 872 viride
851 833 1090 872 consectum
1134 833 1378 872 minutatim
1422 845 1470 872 ex

115 905 223 945 aqua
253 893 299 931 in
329 904 401 931 vas
436 890 618 944 aliquod.
669 905 764 931 cum
795 892 935 931 autem
968 895 1068 931 sunt
1098 891 1252 931 inclusi
1276 893 1323 932 in
1347 890 1470 931 haras

115 952 188 991 aut
226 950 463 1004 speluncas,
508 952 556 990 ut
594 950 696 1004 dixi,
741 952 894 1003 viceni,
939 950 1129 991 obiciunt
1165 953 1216 991 iis
1255 951 1471 1004 polentam

114 1009 386 1051 hordeaceam
423 1012 496 1050 aut
527 1010 783 1064 farraginem
813 1009 1037 1051 herbamve
1068 1012 1255 1051 teneram
1286 1011 1471 1064 aliquam
1536 1054 1538 1056 ,

76 1067 97 1107 7
116 1072 336 1111 concisam.
400 1069 450 1110 ad
486 1069 766 1124 saginandum
807 1070 971 1124 eligunt
1011 1070 1152 1123 pullos
1195 1071 1358 1111 circiter
1391 1084 1471 1110 565-

116 1128 432 1183 quimense<m>
465 1131 537 1183 qui
564 1131 663 1170 sunt
692 1131 800 1170 nati:
834 1143 902 1170 605
938 1129 1162 1170 includunt
1187 1132 1233 1170 in
1259 1131 1470 1184 saginario

115 1189 257 1242 ibique
311 1190 529 1242 polentam
579 1190 619 1229 61
667 1190 871 1242 pollinem
922 1203 1030 1243 aqua
1084 1189 1316 1230 madefacta
1370 1189 1472 1230 dant

116 1249 267 1301 cibum,
298 1251 359 1289 ita
389 1250 437 1289 ut
468 1250 532 1289 ter
564 1248 628 1289 die
661 1250 861 1290 saturent.
924 1248 1152 1290 secundum
1184 1248 1324 1289 cibum
1355 1249 1472 1303 large

117 1310 164 1348 ut
200 1308 349 1349 bibant
386 1308 548 1348 faciunt
584 1310 849 1362 potestatem.
913 1311 972 1349 sic
1010 1310 1143 1349 curati
1176 1310 1340 1349 circiter
1371 1308 1471 1349 duo-

115 1368 193 1408 bus
237 1367 450 1408 mensibus
495 1368 605 1408 fiunt
647 1371 839 1422 pingueS.
914 1370 1290 1422 quotienscumque
1333 1382 1471 1422 sump-

117 1429 277 1480 serunt,
310 1428 427 1468 locus
462 1428 569 1468 solet
600 1430 791 1482 purgari,
830 1427 943 1481 quod
974 1426 1124 1482 [ipsae]
1158 1429 1301 1468 amant
1331 1428 1471 1468 locum

116 1502 270 1541 purum
300 1501 435 1540 neque
466 1489 549 1541 ipsi
577 1488 723 1540 ullum,
756 1487 830 1528 ubi
855 1487 1037 1538 fuerunt,
1070 1488 1281 1528 relincunt
1304 1501 1470 1541 purum.

54 1553 102 1587 XI
236 1545 318 1594 Qui
355 1548 494 1587 autem
532 1548 682 1588 volunt
713 1561 862 1601 greges
895 1549 1084 1588 anatium
1113 1547 1266 1588 habere
1298 1561 1344 1588 ac
1376 1560 1471 1588 con-

117 1608 289 1647 stituere
314 1606 653 1660 nessotrophion,
679 1609 863 1660 primum
888 1608 1040 1660 locum,
1067 1609 1167 1660 quoi
1193 1608 1256 1648 est
1280 1606 1470 1659 facultas,

117 1666 269 1719 eligere
301 1668 468 1719 oportet
499 1667 741 1719 palustrem,
775 1666 888 1720 quod
916 1680 963 1707 eo
990 1669 1169 1707 maxime
1195 1666 1471 1720 delectantur3

118 1727 153 1765 si
184 1725 226 1765 id
258 1739 360 1777 non,
400 1727 670 1779 potissimum
701 1726 778 1779 ibi,
820 1726 894 1767 ubi
927 1727 981 1766 sit
1011 1726 1217 1767 naturalis
1251 1727 1324 1766 aut
1354 1726 1470 1766 lacus

117 1786 189 1825 aut
234 1786 431 1839 stagnum
475 1781 548 1826 aut
591 1800 718 1826 manu
759 1786 869 1826 facta
911 1787 1091 1839 piscina,
1135 1799 1218 1839 quo
1262 1784 1472 1839 gradatim

76 1842 363 1885 2descendere
400 1846 577 1898 possint.
641 1847 831 1899 saeptum
869 1846 1004 1885 altum
1041 1859 1129 1886 esse
1170 1846 1354 1899 oportet,
1397 1844 1471 1885 ubi

117 1905 351 1956 versentur,
396 1904 447 1945 ad
485 1904 609 1958 pedes
649 1904 904 1958 quindecim,
950 1906 997 1945 ut
1034 1904 1198 1945 vidistis
1238 1903 1290 1944 ad
1326 1904 1471 1945 villam

118 1962 197 2016 Sei,
230 1963 342 2017 quod
374 1978 457 2005 uno
493 1966 601 2005 ostio
635 1964 864 2005 claudatur.
914 1966 1070 2005 circum
1101 1966 1240 2005 totum
1270 1964 1472 2018 parietem

235 2097 253 2124 2
280 2090 460 2135 inegerint
493 2092 683 2127 Victorius.
720 2092 898 2127 inecerint
923 2091 1126 2136 (iniecerint
1159 2092 1191 2126 V
1206 2095 1239 2127 et
1257 2092 1472 2136 apoyrapha

117 2138 332 2180 recentiora,
365 2138 539 2173 inecerint
574 2140 660 2174 Vict.
688 2144 722 2175 et
746 2140 820 2175 cod.
847 2140 949 2183 Par.)
969 2141 1017 2184 119
1044 2139 1082 2173 in
1108 2139 1192 2173 serii
1219 2138 1360 2183 (inserit
1384 2149 1470 2182 apo-

117 2186 261 2231 9rap71a
280 2186 507 2230 recentiora)
530 2193 565 2220 12
586 2187 811 2221 nasturcium
830 2188 841 2232 ΙΙ
860 2194 896 2221 14
913 2187 1031 2221 viceni
1046 2186 1142 2222 Keil.
1168 2186 1282 2220 uicini
1301 2187 1312 2231 ΙΙ
1331 2193 1366 2220 17
1384 2186 1470 2221 add.

118 2233 204 2268 Keil
233 2234 235 2278 4
264 2233 339 2267 nati
370 2245 396 2267 τ.
448 2236 535 2267 natu
566 2236 577 2279 Η
608 2241 643 2268 19
675 2237 730 2269 ter
755 2235 815 2269 die
843 2235 1049 2270 Columella.
1098 2245 1164 2278 per
1195 2234 1273 2268 dies
1302 2235 1314 2278 Η
1338 2240 1376 2268 22
1403 2234 1469 2269 del.

119 2281 205 2316 Keil
223 2281 234 2324 ΙΙ
254 2287 292 2314 23
319 2281 389 2324 ipsi
418 2282 618 2316 Iueundus.
669 2282 771 2326 ipsae
790 2284 802 2326 ΙΙ
821 2289 858 2318 25
886 2282 949 2325 qui
973 2283 1027 2316 est
1048 2282 1118 2325 (cui
1139 2282 1193 2316 est
1212 2281 1287 2316 coel.
1309 2281 1445 2325 Paris.)
1458 2281 1471 2327 ΙΙ

118 2335 154 2361 31
182 2328 240 2362 Sei
266 2328 467 2363 Iucundus.
514 2329 560 2363 sit
582 2330 585 2375 1
608 2329 727 2365 1105110
755 2329 860 2374 (ostio
889 2330 947 2374 VH
