1560 2506
31 476 46 501 5

14 770 48 795 10

14 1066 46 1090 15

14 1362 49 1386 20

17 1656 49 1681 25

386 125 554 159 RERVM
577 124 884 159 RVSTICARVM
908 124 993 158 ΠΒ.
1014 124 1046 158 11
1072 104 1093 158 2'
1359 125 1418 165 79

65 222 355 275 meridianam,
412 235 516 274 quae
567 224 629 262 est
679 221 849 273 aridior,
905 221 1165 261 iucunditate
1219 223 1417 274 praestat.

67 283 155 323 sole
187 284 330 322 exorto
362 283 511 334 potum
541 281 798 334 propellunt,
830 283 877 320 ut
908 280 1239 334 redintegrantes
1272 295 1416 320 rursus

66 341 117 382 ad
146 342 314 394 pastum
341 341 560 380 alacriores
588 340 755 380 faciant.
806 342 966 379 circiter
987 339 1238 379 meridianos
1267 342 1417 391 aestus,
1434 341 1500 381 11.

66 400 166 440 dum
197 399 489 451 defervescant‚
529 399 605 439 sub
637 398 885 439 umbriferas
917 413 1041 451 rupes
1075 401 1115 438 et
1147 398 1314 438 arbores
1347 413 1418 451 pa-

64 460 174 499 tulas
208 457 475 511 subig[i]unt‚
507 457 643 511 quaad
674 458 1011 511 refrigeratu<r>.
1062 472 1152 498 aere
1178 460 1417 511 vespertino

65 532 210 558 rursus
252 520 432 570 pascunt
475 517 527 557 ad
571 518 671 557 solis
717 531 921 557 occasum.
982 519 1042 556 ita
1082 531 1250 570 pascere
1290 531 1417 570 pecus

67 578 249 630 oportet,
281 578 329 616 ut
361 590 504 616 averso
539 577 625 617 sole
658 579 771 629 agat:
818 578 943 629 caput
975 579 1085 616 enim
1116 578 1294 616 maxime
1328 578 1417 616 ovis

65 636 192 676 molle
233 637 306 676 est.
377 635 428 675 ab
469 650 618 676 occasu
655 650 784 688 parvo
826 636 1049 675 intervallo
1081 637 1333 688 interposito
1368 635 1419 674 ad

65 694 293 735 bibendum
325 695 546 748 appellunt
577 697 617 735 et
648 709 792 734 rursus
824 697 1019 748 pascunt,
1059 695 1195 748 quaad
1227 697 1419 735 contene-

66 754 221 794 bravit:
260 756 414 794 iterum
455 756 566 794 enim
604 757 694 793 tum
734 753 972 794 iucunditas
1005 757 1050 794 in
1083 753 1211 794 herba
1242 754 1420 794 redinte-

67 813 218 867 grabit.
291 813 392 853 haec
437 827 460 852 a
502 814 775 866 vergiliarum
819 815 967 854 exortu
1011 813 1062 853 ad
1107 815 1420 866 aequinoctium

66 872 307 912 autumnale
338 875 517 912 maxime
555 872 788 912 observant.
850 872 1002 926 quibus
1039 875 1085 912 in
1123 873 1225 912 locis
1264 886 1418 912 messes
1438 871 1497 911 12

67 934 166 972 sunt
209 932 358 984 factae,
401 934 562 985 inigere
603 934 665 972 est
702 933 815 977 utile
844 932 1002 985 duplici
1041 932 1089 972 de
1122 946 1263 984 causa,
1305 930 1418 984 quod

67 993 108 1031 et
152 991 306 1031 caduca
350 993 464 1044 spica
512 993 754 1031 saturantur
798 993 838 1031 et
882 991 1049 1031 obt-ritis
1095 993 1334 1031 stramentis
1380 992 1421 1030 et

68 1052 366 1091 stercoratione
402 1050 563 1090 faciunt
602 1053 648 1090 in
679 1064 837 1090 annum
869 1052 1028 1103 segetes
1061 1051 1266 1090 meliores.
1327 1050 1422 1089 reli-

67 1123 172 1162 quae
208 1111 422 1163 pastiones
460 1109 636 1149 hiberno
676 1123 721 1149 ac
753 1123 881 1149 verno
913 1112 1101 1162 tempore
1133 1109 1211 1149 hoc
1243 1111 1421 1161 mutant,

67 1168 180 1222 quod
222 1171 375 1222 pruina
416 1171 501 1208 iam
545 1169 708 1208 exalata
750 1169 994 1222 propellunt
1038 1171 1083 1208 in
1127 1168 1331 1222 pabulum
1381 1170 1423 1208 et

66 1230 246 1281 pascunt
273 1227 382 1268 diem
407 1230 545 1267 totum
578 1242 623 1268 ac
655 1228 886 1268 meridiano
919 1230 1106 1281 tempore
1140 1228 1266 1268 semel
1299 1242 1421 1281 agere

66 1289 216 1340 potum
249 1289 350 1326 satis
381 1287 549 1327 habent.

187 1344 309 1393 Quod
352 1346 402 1386 ad
439 1348 652 1399 pastiones
692 1348 858 1398 attinet,
899 1346 1000 1386 haec
1032 1346 1117 1386 fere
1150 1348 1264 1399 sunt3
1310 1344 1423 1398 quod
1440 1344 1499 1385 131

69 1404 120 1444 ad
162 1404 358 1457 feturam,
404 1419 509 1458 quae
550 1405 695 1445 dicam.
758 1408 924 1458 arietes,
970 1405 1122 1458 quibus
1168 1408 1223 1445 sis
1268 1419 1421 1444 usurus

68 1463 120 1503 ad
168 1464 364 1517 feturam,
414 1464 604 1504 bimestri
653 1467 840 1518 tempore
890 1467 985 1504 ante
1036 1464 1332 1504 secernendum
1383 1466 1424 1503 et

68 1523 228 1577 largius
260 1523 417 1577 pabulo
451 1523 714 1577 explendum.
765 1538 859 1564 cum
885 1524 1098 1564 redierunt
1122 1523 1231 1576 (ad)
1257 1523 1424 1563 stabula

71 1596 92 1622 e
123 1584 264 1636 pastu,
309 1582 512 1623 hordeum
546 1586 580 1623 si
613 1585 675 1623 est
707 1583 868 1635 datum,
904 1583 1109 1624 firmiores
1142 1583 1251 1622 fiunt
1283 1582 1334 1622 ad
1366 1583 1423 1622 la-

69 1640 214 1682 borem
258 1642 561 1682 sustinendum.
641 1645 806 1696 tempus
858 1645 1064 1695 optimum
1109 1642 1160 1682 ad
1204 1641 1424 1681 admitten-

70 1700 170 1750 dum
202 1700 252 1740 ab
286 1703 441 1741 arcturi
475 1715 623 1741 occasu
656 1701 707 1742 ad
740 1702 904 1755 aquilae
937 1716 1141 1753 occasum,
1175 1701 1286 1754 quod
1319 1714 1424 1753 quae

68 1762 216 1813 postea
242 1760 605 1813 concipiunt<ur>,
638 1761 747 1801 fiunt
772 1761 1000 1814 vegrandes
1029 1764 1153 1814 atque
1178 1760 1424 1800 imbecillae.

70 1821 159 1860 ovis
191 1833 397 1873 praegnas
431 1822 493 1860 est
525 1819 669 1860 diebus
704 1831 770 1860 CL.
819 1823 961 1873 itaque
992 1820 1041 1860 fit
1072 1822 1217 1873 partus
1251 1816 1500 1872 exitu[s]14

72 1879 318 1931 autumnali,
356 1893 450 1918 cum
483 1893 551 1919 aer
583 1882 645 1919 est
676 1879 836 1920 modice
868 1881 1122 1932 temperatus
1156 1881 1195 1919 et
1227 1881 1423 1932 primitus

23 1951 57 1977 30
77 1939 210 1977 oritur
248 1937 377 1978 herba
415 1937 620 1978 imbribus
660 1938 915 1992 primoribus
954 1941 1134 1979 evocata.
1196 1952 1321 1991 quam
1353 1937 1425 1977 diu

77 1996 310 2037 admissura
351 1996 416 2049 fit,
460 1997 602 2037 eadem
639 2011 747 2051 aqua
777 1997 840 2038 uti
873 2000 1055 2051 oportet,
1099 1997 1212 2051 quod
1243 2011 1425 2037 commu-

75 2057 180 2096 tatio
231 2058 271 2096 et
319 2056 460 2096 lanam
508 2057 609 2097 facit
655 2060 814 2097 variam
869 2059 910 2097 et
964 2059 1196 2110 corrumpit
1246 2059 1425 2096 uterum.

193 2177 211 2204 2
235 2173 364 2215 potum
389 2172 604 2207 Pontedera.
655 2175 744 2216 puto
775 2174 786 2215 Η
812 2178 830 2205 3
856 2173 1047 2206 alacriores
1074 2183 1146 2206 mv.
1197 2171 1393 2215 alagriores
1414 2171 1425 2215 l{

75 2224 93 2250 4
119 2229 171 2261 sq.
209 2219 353 2262 patulas
390 2231 411 2254 v
449 2224 480 2254 et
515 2220 600 2254 libri
636 2221 856 2254 recentiores.
913 2220 1060 2263 putulas
1084 2221 1087 2263 1
1112 2219 1288 2263 subigunt
1326 2218 1424 2253 Keil.

75 2264 260 2298 subiciunt
293 2266 297 2310 Ι
332 2267 418 2300 add.
445 2267 637 2302 Schneider
667 2268 678 2310 ΙΙ
709 2274 745 2300 13
777 2267 917 2311 inigere
952 2270 1006 2301 est
1038 2268 1125 2301 Keil
1161 2267 1249 2301 duce
1281 2266 1422 2300 Ursino.

73 2311 221 2345 interest
249 2314 260 2356 ΙΙ
288 2319 327 2346 23
353 2314 400 2347 ad
426 2318 510 2348 ante
549 2314 691 2348 stabula
717 2314 802 2349 add.
845 2315 901 2358 Vll
921 2321 956 2347 27
992 2314 1076 2349 add.
1106 2314 1259 2350 Ursinus
1282 2316 1286 2357 Ι
1309 2313 1425 2346 imue·

74 2358 176 2392 ciliae
195 2361 206 2403 ΙΙ
226 2366 264 2392 28
291 2360 356 2394 del.
384 2372 440 2395 mv
458 2363 469 2405 11
