1560 2407
632 39 900 76 PRAEFATIO
1374 42 1439 77 VH

91 141 424 194 apographorum
459 143 502 178 et
534 141 739 191 excerptis
764 140 961 179 Politiani
987 142 1030 178 et
1056 139 1239 179 editione
1264 142 1512 184 VictoriiVII

91 203 134 240 in
157 203 299 240 vetere
333 199 473 238 codice
506 201 660 250 scripta
690 200 818 238 fuisse
845 199 946 237 mihi
971 200 1200 249 apparebat
1224 213 1439 250 ponerem3

92 260 162 299 ubi
192 271 294 310 opus
328 271 417 297 esse
449 259 581 297 visum
613 262 693 307 est,
732 258 1025 297 dissentientes
1050 258 1247 297 Politiani
1276 262 1319 298 et
1344 272 1440 310 apo-

91 319 341 370 graphorum
366 318 565 356 lectiones
591 319 706 356 uncis
731 319 909 356 inclusas
935 317 1076 355 addidi
1101 318 1179 366 vel,
1210 319 1282 356 ubi
1307 319 1439 358 minus

91 381 249 417 certum
272 377 470 415 iudicium
490 380 590 425 erat,
617 381 833 427 utramque
853 377 1075 415 lectionem
1094 377 1209 415 iuxta
1228 379 1359 428 posui.
1397 379 1439 416 in

90 450 168 488 quo
196 449 244 475 ea
269 449 372 487 quae
398 449 421 474 a
445 436 653 475 Politiano
678 437 721 474 in
746 437 932 487 principe
965 435 1147 474 editione
1172 439 1331 474 mutata
1356 450 1438 475 non

89 499 207 535 erant
225 495 433 545 adscripta
462 496 493 533 V
512 496 664 544 littera,
692 508 794 546 quae
816 508 865 533 ex
886 494 1027 533 codice
1047 495 1320 536 adnotaverat
1339 499 1438 534 nota

87 555 264 594 nominis
289 555 370 593 Pol.
397 552 638 605 significavi.
684 567 928 606 quamquam
953 567 1087 605 neque
1114 556 1261 603 omnia,
1286 556 1329 593 in
1353 556 1438 605 qui-

88 614 162 653 bus
194 626 217 652 a
242 614 450 652 Politiano
485 615 724 653 testimonia
759 613 1094 664 apographorum
1126 613 1438 662 dissentiebant,

88 673 302 721 adnotavi,
340 673 414 712 sed
438 673 584 721 multa,
616 674 658 711 in
685 674 832 724 quibus
857 673 1100 711 manifestus
1128 676 1217 711 erat
1240 673 1438 711 Politiani

86 733 153 771 vel
188 733 450 771 librariorum
485 745 616 781 error,
661 733 796 780 omisi,
834 744 968 782 neque
1005 733 1047 769 in
1086 732 1165 780 his,
1209 733 1251 770 in
1290 733 1436 783 quibus

85 794 302 842 utramque
322 792 543 830 lectionem
562 792 693 842 posui,
715 804 872 839 causae,
899 791 1045 842 quibus
1066 795 1295 830 commotus
1315 792 1437 830 alter-

85 851 170 889 utri
194 851 433 889 testimonio
459 852 657 889 maiorem
682 851 975 889 auctoritatem
1005 851 1233 899 tribuerim,
1264 851 1438 889 indicari

84 912 322 961 potuerunt.

201 969 514 1008 Emendationis
547 969 683 1008 studia
715 969 998 1019 antiquissima
1032 969 1074 1006 in
1100 962 1287 1007 Parisino
1321 972 1363 1007 et
1393 970 1435 1007 in

84 1027 272 1067 Mediceo
300 1028 441 1067 codice
467 1032 680 1079 apparent.
730 1029 761 1066 ii
787 1029 895 1067 enim
922 1041 1013 1066 cum
1038 1041 1162 1078 saepe
1192 1028 1435 1066 dissentien-

83 1087 195 1125 tibus
220 1088 388 1138 reliquis
414 1088 529 1126 libris
555 1089 665 1126 inter
690 1101 733 1126 se
758 1088 1030 1135 consentiant,
1056 1091 1144 1126 tum
1164 1100 1305 1137 pauca,
1332 1100 1435 1138 quae

82 1146 126 1184 in
156 1147 236 1185 illis
269 1150 464 1197 corrupta
495 1150 608 1195 sunt,
647 1147 865 1185 emendata
896 1147 1109 1194 exhibent3
1147 1147 1190 1184 in
1217 1147 1305 1185 aliis
1331 1159 1434 1185 unus

81 1205 291 1245 Mediceus
318 1206 447 1245 codex
474 1207 732 1245 emendatam
757 1207 977 1245 lectionem
1002 1206 1186 1256 praebet.
1232 1219 1280 1244 ea
1300 1207 1436 1244 omnia

82 1265 212 1315 igitur
250 1278 341 1303 cum
377 1266 437 1304 ita
469 1269 707 1315 comparata
738 1266 838 1314 sint,
877 1269 924 1304 ut
961 1266 1199 1304 coniectura
1229 1265 1350 1303 facile
1375 1266 1434 1303 in-

81 1324 214 1362 veniri
244 1325 475 1374 potuerint,
513 1338 596 1363 non
629 1337 678 1363 ex
711 1325 879 1375 antiqua
909 1325 1174 1374 incorruptae
1205 1325 1434 1374 scripturae

81 1384 281 1421 memoria
317 1384 562 1434 repetenda,
599 1384 673 1422 sed
708 1384 1005 1422 emendationis
1043 1383 1181 1422 studio
1214 1383 1434 1422 tribuenda

83 1454 172 1480 esse
205 1442 308 1481 dico.
357 1456 452 1481 nam
484 1456 533 1481 ex
566 1444 792 1493 archetypo
826 1444 923 1481 olim
954 1443 1119 1481 videtur
1147 1443 1434 1494 apographum

82 1513 174 1539 cum
206 1502 561 1541 emendationibus
592 1503 798 1541 nonnullis
831 1503 983 1541 veteris
1018 1503 1246 1553 scripturae
1278 1503 1433 1540 factum

82 1572 189 1609 esse,
225 1573 275 1599 ex
307 1573 386 1612 quo
414 1574 505 1600 cum
532 1562 680 1600 deinde
706 1566 915 1612 tamquam
941 1574 991 1600 ex
1017 1562 1221 1600 communi
1246 1562 1363 1599 fonte
1391 1565 1433 1600 et

79 1619 290 1658 Parisinus
317 1624 360 1659 et
377 1621 587 1659 Mediceus
608 1621 906 1669 derivarentur,
933 1633 981 1659 ea
1002 1633 1105 1672 quae
1125 1622 1167 1658 in
1186 1621 1256 1658 illo
1278 1621 1433 1671 scripta

81 1681 201 1719 erant
237 1679 288 1717 ad
325 1683 544 1731 utrumque
582 1681 731 1718 librum
762 1684 995 1731 propagata
1026 1684 1138 1727 sunt3
1176 1680 1218 1717 in
1243 1680 1430 1718 Mediceo

82 1741 221 1776 autem
246 1738 388 1778 codice
410 1740 775 1790 neglegentissime
795 1740 950 1789 scripto
972 1742 1015 1778 et
1034 1740 1220 1789 plurimis
1239 1740 1431 1789 gravissi-

80 1797 238 1848 misque
264 1798 654 1849 interpolationibus
681 1799 907 1849 depravato
928 1799 1057 1836 multa
1077 1802 1283 1848 corrupta,
1310 1811 1430 1848 quae-

80 1856 175 1894 dam
198 1859 338 1895 tamen
363 1861 476 1896 recte
503 1858 720 1896 emendata
742 1862 849 1906 sunt,
875 1870 979 1908 quae
1000 1857 1208 1908 adscripta
1226 1870 1265 1895 m
1290 1858 1430 1895 littera

77 1915 267 1954 indicavi.
803 1966 808 1969 Ι

196 1975 312 2013 Editi
342 1979 439 2014 sunt
463 1976 659 2014 Varronis
685 1976 780 2014 libri
805 1989 885 2015 una
911 1989 1002 2014 cum
1027 1976 1278 2026 reliquorum
1303 1976 1429 2025 scrip-

79 2035 217 2072 torum
243 2034 293 2073 de
319 2047 363 2073 re
389 2036 542 2073 rustica
567 2035 681 2073 libris
707 2036 884 2085 primum
909 2048 942 2073 a.
973 2037 1082 2073 1472
1110 2035 1296 2073 Venetiis
1320 2034 1428 2084 apud

78 2091 294 2131 Nicolaum
311 2094 544 2142 Iensonum,
565 2095 630 2133 cui
650 2094 823 2133 editioni
843 2094 1089 2144 Georgius
1106 2094 1293 2132 Merula
1312 2106 1428 2144 prae-

78 2151 170 2190 fuit.
203 2153 238 2191 is
259 2154 442 2203 quamvis
463 2166 620 2191 summa
638 2154 806 2192 licentia
824 2166 920 2192 usus
940 2155 995 2192 sit
1016 2157 1058 2191 et
1076 2154 1252 2203 plurima
1270 2156 1426 2191 temere

78 2213 312 2260 mutaverit,
338 2215 477 2250 tamen
502 2213 643 2261 multa,
670 2226 774 2263 quae
801 2213 955 2263 apertis
975 2213 1236 2251 librariorum
1257 2213 1403 2250 errori-
1416 2218 1497 2252 VIII

79 2268 156 2307 bus
171 2273 365 2321 corrupta
379 2274 508 2320 erant,
522 2272 676 2322 primus
692 2273 883 2321 correxit,
904 2284 1148 2323 quamquam
1163 2271 1362 2321 quaedam
1377 2283 1426 2308 ex
