1560 2506
8 711 42 736 10

7 1006 40 1032 15

8 1304 41 1329 20

7 1599 39 1625 25

6 1895 40 1921 80

331 63 497 98 RERVM
521 62 825 98 RVSTICARVM
848 63 934 97 LIB.
954 63 969 96 I
994 66 1133 98 48—50
1351 64 1406 105 57

62 162 140 203 bus
181 164 356 203 maturis
400 160 621 215 capiendis.
693 163 876 213 primum
918 160 966 201 de
1003 163 1134 214 pratis
1175 164 1408 203 summissis

62 222 207 274 herba,
252 236 345 262 cum
383 234 562 261 crescere
601 220 724 260 desiit
762 222 802 260 et
840 222 956 260 aestu
989 222 1154 272 arescit,
1200 221 1408 261 subsecari

62 281 238 321 falcibus
281 279 401 320 debet
441 282 497 332 et,
542 279 677 332 quaad
717 281 968 332 perarescat,
1013 280 1190 319 furcillis
1236 283 1408 320 versari:

64 355 158 380 cum
187 341 384 393 peraruit,
417 339 465 379 de
496 339 561 378 his
594 339 832 391 manipulos
860 338 949 378 fieri
976 352 1022 378 ac
1048 339 1142 379 vehi
1169 338 1219 378 ad
1246 340 1407 379 villam:

62 401 153 439 tum
196 399 244 438 de
288 400 418 451 pratis
464 398 663 451 stipulam
707 398 886 437 rastellis
932 397 1044 438 eradi
1094 399 1217 451 atque
1262 398 1409 438 addere

62 459 298 499 faenisiciae
343 458 567 497 cumulum.
645 471 727 510 quo
772 457 881 497 facto
928 457 1143 497 sicilienda
1186 459 1322 510 prata,
1366 457 1449 497 ida

63 519 125 558 est
164 517 340 557 falcibus
383 515 658 557 consectanda
699 529 803 569 quae
844 516 1060 556 faenisices
1105 519 1409 569 praeterierunt

63 591 108 617 ac
140 578 259 629 quasi
290 576 419 616 herba
450 576 694 616 tuberosum
725 576 986 628 reliquerunt
1018 590 1221 628 campum.
1273 591 1296 615 a
1328 590 1410 629 qua

63 637 244 677 sectione
276 635 456 675 arbitror
488 635 645 675 dictum
678 635 830 675 sicilire
862 636 1041 687 pratum.

178 694 325 735 Messis
366 697 537 747 proprio
578 696 747 734 nomine
790 693 941 734 dicitur
978 696 1023 734 in
1063 696 1114 734 iis
1154 708 1258 747 quae
1292 697 1450 737 meti-L

60 768 171 806 mur,
221 756 399 794 maxime
442 756 487 793 in
530 754 758 805 frumento,
805 755 844 793 et
889 752 938 793 ab
985 767 1031 793 eo
1077 768 1163 793 6556
1204 753 1408 794 vocabulo

62 813 278 853 declinata.
340 813 541 853 frumenti
572 814 654 852 tria
684 826 837 866 genera
871 815 968 852 sunt
999 815 1232 865 messionis,
1266 828 1408 866 unum,

61 875 108 912 ut
147 874 193 912 in
229 871 420 924 Vmbria,
465 872 538 911 ubi
578 871 683 912 falce
725 871 952 912 secundum
996 874 1148 912 terram
1191 872 1409 913 succidunt

61 933 336 972 stramentum
375 933 414 971 et
451 931 732 984 manipulum,
777 933 824 970 ut
865 945 1070 984 quemque
1103 931 1408 985 subsicuerunt,

60 992 226 1044 ponunt
256 993 301 1031 in
333 992 452 1031 terra.
515 990 588 1030 ubi
621 1004 689 1031 eos
723 990 910 1030 fecerunt
942 992 1115 1043 multos,
1154 993 1305 1031 iterum
1339 1006 1407 1032 eos

59 1052 304 1104 percensent
348 1064 393 1090 ac
432 1049 480 1090 de
519 1050 698 1103 singulis
739 1052 880 1090 secant
917 1052 1027 1090 inter
1066 1053 1201 1103 spicas
1235 1053 1275 1091 et
1308 1053 1408 1091 stra-

59 1111 258 1150 mentum.
328 1111 461 1162 spicas
504 1111 688 1150 coiciunt
725 1111 769 1148 in
815 1109 981 1149 corbem
1021 1111 1145 1162 atque
1186 1112 1231 1150 in
1272 1124 1408 1150 aream

59 1170 245 1221 mittunt,
291 1170 517 1209 stramenta
549 1169 759 1208 relincunt
789 1171 835 1208 in
868 1170 1016 1222 segete,
1061 1169 1170 1209 unde
1202 1170 1408 1209 tollantur

61 1230 107 1268 in
144 1242 346 1268 acervum.
409 1229 538 1268 altero
577 1227 700 1268 modo
739 1229 920 1280 metunt,
965 1230 1012 1267 ut
1043 1230 1087 1268 in
1120 1227 1290 1281 Piceno,
1335 1228 1449 1269 ubi?

61 1288 250 1341 ligneum
292 1286 448 1327 habent
491 1290 712 1327 incurvum
756 1287 971 1339 bacillum,
1022 1290 1066 1327 in
1117 1301 1199 1341 quo
1246 1290 1299 1328 sit
1344 1303 1408 1328 ex-

61 1349 194 1387 tremo
240 1347 398 1386 serrula
441 1347 583 1387 ferrea.
657 1346 757 1386 haec
801 1360 895 1386 cum
946 1347 1206 1399 comprendit
1256 1347 1409 1387 fascem

61 1408 285 1459 spicarum,
340 1405 502 1446 desecat
543 1408 583 1446 et
629 1407 855 1445 stramenta
897 1407 1051 1446 stantia
1091 1409 1136 1446 in
1181 1409 1311 1460 segeti
1349 1421 1408 1446 re-

59 1466 231 1518 linquit,
275 1466 323 1505 ut
361 1467 508 1518 postea
549 1465 829 1506 subsecentur.
901 1467 1024 1506 tertio
1063 1465 1187 1506 modo
1225 1468 1407 1518 metitur,

59 1526 106 1564 ut
145 1524 221 1565 sub
254 1524 355 1564 urbe
388 1523 523 1565 Roma
564 1526 603 1564 et
635 1525 737 1565 locis
770 1525 998 1577 plerisque,
1041 1527 1088 1564 ut
1133 1527 1408 1565 stramentum

59 1583 242 1624 medium
276 1583 503 1636 subsicent,
539 1583 651 1637 quod
682 1598 809 1623 manu
843 1586 1014 1624 sinistra
1046 1599 1256 1624 summum
1287 1599 1407 1637 pren·

61 1643 181 1683 dunt:
215 1657 238 1682 a
270 1656 351 1696 quo
384 1643 519 1683 medio
552 1657 728 1683 messem
755 1643 907 1683 dictam
935 1645 1050 1696 puto.
1101 1644 1212 1683 infra
1237 1658 1408 1684 manum

61 1704 334 1742 stramentum
361 1702 472 1756 quod
491 1701 642 1755 (cum)
662 1704 772 1742 terra
796 1702 948 1755 haeret,
975 1705 1121 1755 postea
1147 1703 1406 1756 subsecatur3

60 1763 205 1802 contra
249 1761 361 1814 quod
404 1776 498 1802 cum
537 1764 650 1814 spica
689 1763 964 1802 stramentum
1007 1762 1165 1815 haeret,
1211 1762 1447 1804 corbibus3

59 1823 105 1861 in
142 1835 278 1861 aream
316 1820 508 1862 defertur.
569 1820 629 1861 ibi
668 1821 841 1861 discedit
872 1823 917 1861 in
950 1823 1092 1874 aperto
1126 1822 1217 1862 loco
1250 1823 1406 1875 palam:

60 1894 83 1920 a
126 1893 208 1933 quo
253 1882 393 1933 potest
436 1882 653 1922 nominata
697 1894 784 1920 esse
822 1881 952 1934 palea.
1021 1882 1093 1921 alii
1132 1883 1407 1921 stramentum

60 1939 111 1979 ab
145 1939 304 1991 stando,
336 1941 384 1979 ut
416 1938 647 1992 st[r]amen,
680 1939 838 1994 dictum
870 1942 1039 1993 putant,
1072 1941 1144 1980 alii
1176 1940 1227 1980 ab
1261 1943 1406 1993 stratu,

61 1998 173 2051 quod
211 1998 255 2038 id
296 1998 586 2039 substernatur
626 2001 777 2052 pecori.
850 2013 944 2039 cum
985 2001 1047 2040 est
1081 2001 1246 2040 matura
1278 2014 1406 2054 segeS,

179 2167 196 2194 5
222 2162 343 2204 adque
362 2163 373 2206 Η
392 2168 429 2195 10
454 2161 492 2195 in
512 2161 569 2195 his
598 2162 649 2205 (in
668 2162 714 2196 iis
735 2163 948 2207 apoyrapha
967 2163 1161 2205 nonnulla)
1182 2164 1193 2206 ΙΙ
1212 2169 1247 2196 15
1266 2164 1408 2206 ponunt

60 2219 132 2243 mv.
182 2210 317 2252 ponent
336 2210 346 2253 ΙΙ
365 2216 400 2242 17
428 2209 587 2243 coiciunt
612 2209 808 2253 (coniciunt
832 2210 925 2252 Pol„
951 2210 1110 2244 coiciunt
1129 2211 1296 2254 plurima
1322 2221 1407 2254 apo-

59 2256 211 2300 9rapha)
244 2256 254 2299 ΙΙ
286 2262 324 2289 20
350 2258 508 2290 extremo
535 2268 564 2291 v.
616 2259 776 2291 extrema
806 2258 817 2300 ΙΙ
849 2264 886 2290 22
913 2257 1028 2301 segeti
1058 2259 1192 2301 (segete
1226 2257 1264 2299 V,
1292 2256 1406 2300 segeti

56 2303 221 2346 plwrima
246 2304 470 2348 apoyrapha)
491 2305 557 2348 1127
585 2304 670 2338 add.
698 2305 784 2338 Keil
803 2306 869 2348 1131
896 2305 961 2339 del.
988 2316 1022 2339 m
1048 2309 1080 2339 et
1110 2305 1291 2340 Victorius
1309 2306 1321 2348 Η
